3308 4934
680 341 941 401 --47-.

209 528 388 602 placiditate
411 541 605 602 daemonique
622 524 780 588 altitudine
795 525 895 599 fuisse
908 529 1059 600 porrectas
1072 525 1195 586 Homeri
1204 527 1346 602 pmennis

214 632 380 692 audacitas
403 630 495 700 docet,
527 629 695 703 aquilonem
717 633 744 688 et
769 629 929 706 rapturum
949 631 1047 691 omlos
1069 629 1173 688 scinde
1187 628 1270 704 slare
1284 630 1345 704 sin·

210 737 329 812 pentir,
352 733 429 808 qnod
449 736 503 792 aut
517 732 690 809 fabulosum
712 736 754 790 est
775 736 828 792 aut
846 719 971 792 ¹tructus
992 731 1115 792 antelmo
1135 728 1240 805 diffusi
1262 733 1347 796 latis·
1449 749 1453 778 ε
1529 776 1532 784 ,

211 841 291 898 sime
322 819 516 911 destinatique
545 837 716 896 nationibus
739 836 819 911 seris
849 837 946 896 cuncti
981 835 1175 896 mariarum
1208 836 1346 897 voeabula

213 943 417 1002 censebantur.
452 935 573 1002 Iniuria
592 935 833 1002 Cornelisenus
844 937 867 1021 1)
888 959 949 1022 pro
971 955 1168 1017 nuperumque
1189 938 1347 1000 altitudine

216 1041 390 1126 proposuit
412 1061 608 1120 aprorumque
630 1043 795 1114 latitudine,
819 1040 859 1105 of.
883 1038 962 1105 XXI
987 1048 1035 1120 10,
1054 1048 1075 1107 4
1097 1038 1153 1104 ubi
1174 1039 1213 1103 de
1236 1039 1346 1105 eadem

218 1145 351 1230 regione
386 1146 497 1208 extant
531 1142 625 1208 haec:
663 1147 716 1205 sub
747 1147 802 1207 luae
832 1147 990 1206 altitudine
1013 1162 1162 1226 ¹cyperum
1190 1146 1347 1220 numque

221 1253 350 1326 spatiosa
386 1266 555 1325 camporum
586 1249 732 1324 planities
766 1251 853 1324 iacet,
888 1250 1023 1324 superior
1053 1250 1093 1310 ad
1127 1266 1219 1324 usque
1248 1251 1370 1310 Iuli-oss

219 1355 310 1430 Alpes
332 1357 456 1422 autentu,
478 1353 605 1427 inferior
626 1353 670 1412 ito
691 1355 832 1429 resupina
855 1358 881 1413 ei
900 1353 1011 1428 ponda,
1034 1357 1067 1413 ut
1087 1353 1180 1413 nullis
1201 1353 1346 1414 habitetur

220 1459 378 1518 obstaculis
409 1456 449 1516 eol
477 1473 569 1530 usaue
591 1457 706 1533 fretum
738 1461 764 1515 et
791 1455 1009 1532 Propontidem.
1056 1452 1179 1529 Quibus
1202 1473 1218 1517 e
1241 1453 1346 1518 verbis

219 1559 313 1624 iireile
337 1556 456 1641 aliquis
480 1557 576 1621 etiam
598 1557 659 1622 hoc
682 1557 754 1621 loco
772 1576 943 1635 occupatum
960 1559 1089 1632 planitie
1109 1556 1189 1638 (sive
1198 1560 1347 1634 plenitate

221 1661 261 1727 ef.
284 1661 359 1726 Tac.
384 1658 458 1724 dial.
484 1661 536 1742 23)
566 1660 801 1726 rescribendum
832 1682 900 1724 esse
931 1658 1111 1724 coniecerit.
1156 1656 1217 1724 Sed
1246 1657 1347 1724 nolim

221 1769 357 1842 mutare3
382 1762 490 1847 cogite
513 1763 598 1827 enim
621 1763 714 1826 modo
738 1763 822 1827 hunc
850 1762 1081 1827 sententiarum
1105 1783 1242 1828 nexum:
1274 1783 1346 1828 cum

221 1869 381 1932 Homerus
416 1865 445 1949 (Ι
461 1867 493 1948 5)
526 1888 564 1928 ex
597 1867 706 1930 eadem
734 1869 820 1930 terra
847 1865 931 1930 dicet
953 1865 1031 1930 flere
1048 1867 1087 1930 'et
1108 1864 1293 1950 Zephyrum
1315 1869 1348 1930 et

223 1971 436 2054 Aquilonem,
470 1967 659 2034 Ammianus
691 1968 853 2034 concludit
874 1967 956 2034 hanc
979 1973 1096 2033 terrum
1120 1967 1263 2034 Homero
1285 1968 1346 2033 im·

224 2095 366 2136 mensum
387 2071 488 2137 visam
511 2093 596 2150 esse,
627 2072 746 2157 quippe
768 2073 801 2136 in
825 2095 887 2157 qua
911 2076 943 2138 et
964 2070 1081 2157 placidi
1103 2073 1210 2157 campi
1231 2076 1346 2151 essent,

227 2174 309 2236 unde
330 2173 501 2260 Zephyrus,
525 2180 557 2240 et
578 2176 684 2260 asperi
707 2181 840 2256 montes,
864 2178 946 2242 unde
960 2176 1080 2262 Aquilo
1102 2177 1204 2242 flaret.
1228 2197 1347 2258 oannes

231 2275 313 2359 apud
333 2275 534 2344 Ammianum
565 2279 650 2344 idem
681 2301 749 2344 esse
779 2301 874 2363 posse
906 2284 1002 2363 etque
1028 2288 1137 2344 montes
1159 2283 1348 2366 comprobet

229 2382 351 2460 praeter
379 2379 457 2446 XXI
482 2390 575 2458 10‚4
607 2383 703 2448 eliam
736 2381 847 2448 XXXI
871 2393 919 2462 10,
944 2390 983 2451 15
1014 2387 1186 2462 asperitates
1208 2405 1348 2464 caparrum

220 2486 447 2556 prominentium
479 2485 533 2569 (ef.
558 2486 576 2567 ἓ
601 2494 639 2552 16
671 2491 745 2548 alios
777 2493 885 2550 montes
915 2489 961 2548 lis
992 2507 1063 2563 qnos
1089 2497 1158 2551 anta
1179 2491 1349 2552 insederant

221 2588 360 2668 aereae).

309 2794 408 2862 xxvii
426 2802 455 2873 l,
472 2803 489 2861 5
512 2794 611 2881 vulgo
634 2795 679 2860 sia
696 2794 834 2880 legitur:
859 2799 915 2861 Sed
933 2803 965 2860 ut
982 2817 1062 2860 nuno
1079 2801 1234 2874 adruinus,
1248 2801 1348 2862 eadem
1419 2783 1422 2788 ¹

220 2901 283 2960 loco
306 2902 441 2974 formato
471 2901 505 2961 in
535 2903 650 2962 cornuti
678 2901 786 2963 sideris
807 2903 924 2962 modum
945 2903 1091 2978 efflnaunl
1112 2903 1222 2966 tirentri
1236 2903 1349 2979 faciem

221 2999 396 3077 speciosam,
432 3005 516 3064 auius
551 3005 585 3064 in
615 3005 779 3082 summitate
810 3001 983 3066 occidentali
1012 3007 1158 3066 montibus
1174 3007 1348 3082 praeruptis

220 3105 361 3166 densitate
385 3107 543 3169 Siracorum
560 3110 715 3182 patescunt
732 3108 895 3181 anqustiae.
935 3103 1101 3170 Postrema
1122 3106 1220 3170 verbe
1238 3106 1348 3192 inepte

221 3227 305 3286 esse,
338 3230 410 3273 cnm
442 3208 524 3272 unde
555 3208 715 3292 pendeant
743 3206 877 3272 ablativi
898 3212 1043 3271 montulm
1066 3212 1098 3273 et
1120 3211 1262 3272 clamitate
1283 3231 1349 3274 non

221 3309 444 3396 intellegatur,
477 3310 573 3374 facile
604 3310 813 3395 perspiciam·⁴
826 3333 885 3375 nea
915 3333 980 3376 non
1008 3311 1183 3397 perspicies
1205 3313 1347 3396 ineptam
1441 3325 1442 3329 ’

222 3433 289 3478 esse
325 3414 541 3478 coniecturam
578 3413 829 3497 Cornelisseni²)
865 3434 925 3497 pro
961 3415 1104 3477 densitate
1137 3417 1347 3500 proponentis

221 3516 389 3592 decennale,
411 3516 530 3600 quippe
554 3537 616 3600 quo
640 3516 822 3581 coniectura
844 3515 882 3580 de
906 3515 1082 3580 offensione
1108 3515 1171 3580 ille
1187 3517 1269 3582 nihil
1290 3518 1347 3584 de-

219 3621 334 3682 matur.
371 3617 409 3682 ln
431 3617 478 3684 V⁰
494 3619 615 3705 legitur
637 3623 751 3682 densita
773 3622 808 3690 et,
832 3638 871 3681 ex
889 3638 953 3702 quo
977 3615 1128 3684 Gelenius
1150 3619 1256 3686 effecit
1278 3624 1347 3686 derr-

218 3728 308 3795 sotae,
333 3721 419 3806 quod
441 3722 481 3786 ud
503 3723 695 3788 sententium
718 3721 835 3786 attinet
858 3723 944 3785 certe
966 3721 1153 3787 rectissime.
1194 3723 1346 3790 Conside-

218 3823 303 3888 ranti
332 3846 408 3889 vero
431 3821 509 3889 XIX
533 3833 562 3905 l,
587 3834 604 3893 3
632 3825 665 3889 in
689 3824 736 3889 V⁰
757 3822 905 3890 similiter
935 3824 1090 3908 scriptum
1120 3846 1189 3891 esse
1211 3829 1347 3890 laenitate

307 4063 326 4130 ¹)
345 4063 479 4119 Mnemon.
499 4061 533 4116 N.
552 4061 578 4117 S.
596 4062 661 4118 XIV
678 4082 705 4133 p.
724 4064 783 4119 286.

305 4151 325 4217 ²)
342 4147 476 4204 Mnemos.
497 4147 531 4203 N.
551 4148 576 4204 S.
595 4147 660 4203 XIV
677 4167 704 4218 p.
722 4149 781 4203 286.
