3308 4934
783 332 993 392 ..34-

320 515 455 576 ministro
485 515 587 576 sottum
616 515 781 591 suspiriore
809 520 893 576 traua
918 521 1017 591 posset
1047 516 1203 592 redarum,
1235 515 1290 580 sed
1318 539 1358 582 ne
1380 519 1450 584 sine

326 637 421 680 eausa
438 636 600 702 rumorem
617 614 679 679 hue
702 614 876 681 inferamus
894 614 981 681 illius
1004 616 1136 682 alterius
1154 616 1218 682 loei
1241 619 1450 688 similitudine

322 716 402 782 mihi
425 737 520 802 quam
551 716 689 782 maxime
711 717 836 782 videtur
865 717 1039 802 postulari,
1072 741 1144 783 eum
1175 721 1380 788 notissimum
1407 726 1451 791 sit

323 819 529 884 Ammianum
551 823 637 884 totas
661 819 834 885 sententias
857 820 946 885 nullo
967 821 1035 885 fere
1057 822 1214 888 vocabulo
1238 829 1361 891 mutato
1383 849 1450 892 non

321 945 484 1010 nunquam
507 927 662 1007 repetere.
706 921 819 1008 Itaque
851 945 923 988 eum
952 925 984 988 id
1006 925 1091 1008 quod
1123 925 1261 992 eonieoit
1283 927 1448 995 Bentleius

320 1034 354 1090 ut
374 1047 426 1090 uoo
448 1029 580 1090 citeriore
600 1029 734 1089 mtua'atro
758 1031 817 1092 ete.
849 1026 978 1112 longius
1001 1049 1019 1090 a
1049 1027 1205 1093 librorum
1235 1029 1373 1097 lectione
1395 1055 1447 1098 re-

321 1132 432 1196 cedere
455 1129 599 1195 videatur
622 1153 717 1215 quam
741 1135 777 1195 ut
798 1132 927 1216 probari
950 1131 1061 1215 possit,
1085 1131 1130 1195 ita
1152 1132 1260 1215 petius
1279 1136 1445 1222 corrigen-

321 1235 396 1299 dum
420 1255 487 1299 esse
510 1233 687 1298 censuerim
709 1241 742 1297 ut
762 1253 815 1296 uoo
828 1237 1035 1312 familiari
1065 1237 1200 1297 mtatstro
1226 1239 1329 1298 sottem
1351 1245 1448 1316 sospt-

321 1339 402 1400 or'oae
422 1343 506 1400 team
523 1343 621 1412 posset
640 1340 791 1414 rodarum.

406 1525 467 1594 ΧΧΙ
501 1532 555 1602 16,
591 1533 638 1592 ll.
691 1524 851 1609 Loquitur
881 1525 1017 1610 sori-pter
1048 1527 1085 1592 de
1117 1520 1446 1616 immanitatemque

322 1627 508 1694 erudelitate
532 1650 594 1712 qua
616 1626 669 1692 vel
685 1628 847 1694 levissima
870 1628 986 1694 delicta
1005 1627 1209 1696 Constantius
1227 1632 1444 1700 vindicaverit.

320 1735 363 1794 Et
379 1738 529 1808 tamquam
550 1751 585 1793 aa
606 1734 696 1794 artdo
718 1736 794 1794 sttou
811 1736 939 1796 ootautos
961 1735 1106 1796 sotato'ttoe
1117 1737 1198 1812 flata
1219 1740 1278 1796 tout
1295 1745 1445 1802 oeutoram

320 1837 361 1896 ad
381 1853 473 1911 usquo
494 1837 668 1898 disortmiua
689 1837 818 1896 uteorum
841 1839 999 1913 aoreata'um
1021 1838 1171 1898 taaota'ba'tt
1200 1856 1289 1898 eursu
1305 1843 1443 1913 paroeat-

320 1943 396 2010 uut„
417 1940 463 2000 r'to
483 1939 534 2000 aa
562 1957 675 2014 auoque
703 1955 738 1998 ea
767 1939 898 1998 mtutmts
920 1940 1018 2000 aorosia
1047 1941 1191 2000 maloram
1219 1941 1363 2015 oouoero'ee
1392 1959 1441 2000 ooo·

320 2043 437 2104 ottobat.
481 2039 598 2106 Utrum
616 2039 705 2104 arida
722 2039 821 2103 fuerit
843 2038 932 2116 silva,
956 2061 1052 2123 quam
1070 2039 1164 2104 finxit
1181 2039 1324 2123 scriptor,
1342 2060 1439 2104 neone
1465 2041 1468 2047 “

321 2143 359 2206 ad
382 2142 538 2208 scintillas
555 2141 627 2207 illas
646 2155 745 2225 'quam
766 2141 896 2206 minime
918 2142 1012 2218 faeit3
1035 2147 1146 2207 eontra
1168 2143 1198 2207 ei
1220 2141 1438 2227 aliquomodo

321 2245 562 2329 exprimendum
580 2249 658 2323 erat,
678 2266 741 2329 quo
761 2245 854 2310 modo
871 2245 1000 2312 omnino
1018 2245 1139 2312 factum
1156 2251 1248 2325 esset,
1267 2249 1303 2310 ut
1321 2245 1442 2310 scintil-

320 2346 370 2412 lae
393 2369 432 2414 ex
454 2370 492 2412 ea
508 2346 787 2432 profunderentur.
833 2347 1040 2414 Seribeudum
1062 2348 1228 2432 igiturest
1250 2355 1277 2410 et
1297 2355 1445 2424 tamquam

319 2471 355 2515 eu
377 2453 550 2516 ordeute
571 2454 648 2514 sttoo
671 2454 730 2515 eta
745 2452 767 2535 ¹)

405 2640 467 2708 ΧΧΙ
493 2647 541 2718 16,
567 2648 615 2708 15.
659 2637 809 2724 Increpat
830 2639 967 2724 scriptor
985 2637 1207 2738 Constantium
1230 2641 1315 2725 quod
1333 2644 1444 2705 eontra

319 2742 450 2808 solitum
472 2764 594 2808 morem
617 2765 709 2808 araus
740 2743 950 2828 triumphales
982 2744 1118 2809 erexerit
1151 2746 1192 2810 ob
1222 2745 1307 2812 bella
1338 2745 1444 2810 civilia

318 2867 470 2929 prospere
493 2847 648 2910 confecta.
694 2867 749 2924 uuo
766 2866 862 2925 provo
880 2850 1031 2926 proposito
1059 2850 1154 2926 mauis
1185 2869 1274 2924 qaam
1303 2855 1378 2910 recto
1400 2851 1444 2909 oet

317 2941 432 3012 astruo
443 2950 634 3026 triumphatis
652 2969 740 3012 arcus
757 2969 792 3011 aa
814 2953 895 3012 odada
907 2953 1132 3028 prouinciarum
1148 2954 1311 3028 sumptibus
1328 2954 1444 3029 mopm's

309 3055 408 3114 orauit
431 3055 464 3114 tu
490 3054 601 3116 Gattto's
623 3059 650 3114 et
671 3040 855 3124 Pauaom‘te,
887 3057 982 3115 tttutts
995 3035 997 3042 ¹
1011 3059 1156 3130 postorum
1187 3055 1325 3132 adfixisse
1347 3056 1444 3130 quoad

316 3160 396 3217 ‘stare
412 3161 554 3231 poteraut
574 3162 761 3219 mouumeato
783 3160 909 3220 torturis.
953 3155 1006 3222 Sia
1028 3157 1117 3222 eodd.
1141 3156 1220 3222 (tum
1245 3179 1318 3222 vero
1347 3180 1443 3224 voea-

318 3256 429 3322 bulum
460 3260 599 3338 adfixisse
627 3258 704 3344 quid
734 3258 796 3324 sibi
826 3258 905 3324 velit
932 3281 996 3325 non
1027 3260 1249 3346 intellegatur,
1280 3258 1379 3345 vulgo
1402 3260 1442 3325 ab

318 3359 493 3425 editoribus
510 3360 625 3426 laeana
642 3360 800 3427 indicatur
818 3363 940 3446 (adflate
964 3411 970 3426 .
989 3409 1022 3426 ..
1044 3384 1074 3425 se
1096 3365 1192 3439 quoad
1214 3368 1292 3425 stare
1303 3368 1443 3438 poteraut

316 3471 504 3528 momumento
535 3465 683 3547 lectaria),
715 3464 777 3529 nisi
808 3466 893 3549 quod
924 3464 1184 3531 Gardthausenus
1215 3485 1273 3548 pro
1304 3466 1444 3542 adfixisse

317 3569 447 3651 recepto
469 3569 578 3645 adflate
600 3570 697 3634 verba
720 3569 871 3635 continuo
893 3574 1005 3636 tenore
1034 3568 1199 3655 expressit.
1244 3566 1306 3643 Qui
1334 3571 1443 3632 tamen

320 3665 437 3734 vellem
455 3667 626 3734 addidisset
648 3672 807 3758 quomodo
824 3671 922 3737 verba
939 3672 1219 3756 interpretatatum
1242 3692 1303 3757 ego
1321 3669 1441 3736 nullam

318 3791 358 3834 ex
376 3771 436 3835 eis
467 3772 660 3838 sententiam
691 3773 792 3840 elicio.
838 3772 1002 3840 Orationis
1033 3778 1065 3840 et
1096 3778 1274 3841 structurae
1306 3779 1339 3839 et
1368 3795 1442 3838 sen·

406 3957 424 4027 ¹)
440 3957 672 4018 Gardthausenue
691 3979 740 4018 eur
758 3963 888 4033 quamvis
907 3962 1072 4020 dubitanter
1089 3964 1240 4022 coniecerit
1266 3973 1360 4020 orente
1384 3981 1441 4018 non

315 4042 443 4114 expedio.
478 4045 523 4100 An
540 4046 600 4118 ipse
618 4065 730 4118 quoque
748 4047 887 4118 cogitavit
905 4048 940 4104 de
957 4053 1082 4117 ardente,
1107 4052 1139 4105 ut
1156 4050 1229 4106 illud
1246 4058 1340 4106 oreute
1359 4051 1440 4118 typo·

315 4128 413 4186 thetae
432 4131 531 4204 eulpae
550 4133 768 4191 attribuendum
786 4134 843 4190 sit?
