3308 4934
585 334 876 394 .-33—

207 521 271 584 sint
306 517 424 601 quibus
453 502 600 580 lulianus
633 514 713 580 illud
735 515 880 593 mandat,
912 489 1143 580 emendandum
1177 518 1226 580 est
1254 535 1338 578 norr-

209 626 296 686 dubct
316 627 426 693 tamen,
448 621 611 697 cprcssi
632 625 664 682 nt
685 625 838 694 cannuca
859 621 918 684 etc.

173 895 176 903 ,
294 827 430 904 ΧΧ116,
456 834 485 898 6.
530 822 569 889 In
590 823 755 908 praeclara
777 846 904 888 morum
923 821 1103 888 constantii
1125 825 1338 910 descriptione

206 932 289 996 haec
310 929 476 1015 leguntur:
499 947 600 990 sonno
621 934 770 990 cunutus
792 931 910 1005 cariquc,
932 946 997 988 curn
1018 930 1051 988 id
1074 935 1205 1004 posceret
1226 935 1339 1007 tenuas

210 1042 237 1096 ct
258 1037 347 1106 ratic,
370 1052 485 1111 perque
505 1034 606 1110 spotia
628 1035 707 1096 uitcc
728 1035 900 1110 tcnpissinur
921 1033 1068 1108 inpendio
1090 1037 1204 1104 rann,
1233 1039 1266 1096 ut
1287 1051 1339 1096 nco

212 1157 293 1198 nare
319 1140 457 1198 ministro
493 1138 596 1198 suttern
629 1137 794 1212 suspicione
823 1141 908 1198 tauns
937 1141 1035 1210 posset
1066 1137 1226 1213 rcdorcui,
1260 1138 1340 1212 quod

211 1245 316 1304 nium
347 1244 438 1302 uicrn
467 1242 495 1300 si
525 1257 585 1302 non
615 1240 742 1310 incenit,
777 1240 950 1316 nciipuitus
974 1240 1065 1315 fluuit
1093 1240 1130 1302 in
1159 1257 1340 1303 snmucrun

209 1347 325 1406 iiccutiu
342 1348 531 1420 potestatum.
574 1340 684 1407 Verba
706 1348 739 1403 ut
759 1361 810 1404 nac
836 1361 918 1404 nare
943 1343 1079 1405 ministro
1106 1364 1175 1426 sqq.
1207 1343 1248 1406 ab
1279 1343 1338 1408 ho·

205 1447 346 1512 minibus
376 1445 478 1510 doctis
501 1444 714 1509 diversissime
736 1448 893 1529 temptata
923 1448 1005 1508 suut.
1058 1443 1166 1528 Atque
1199 1444 1338 1511 Linden-

204 1549 315 1635 brogii
332 1549 549 1612 coniecturam
570 1556 604 1611 ut
625 1568 679 1611 nec
700 1567 804 1612 mucre
823 1551 973 1610 ministros
996 1595 1003 1609 .
1026 1594 1033 1609 .
1055 1594 1062 1608 .
1080 1555 1178 1625 posset
1194 1551 1339 1627 redarpni

208 1673 274 1715 non
292 1652 398 1714 minus
415 1651 557 1735 ineptam
576 1673 645 1716 csse
668 1651 826 1736 scriptura
844 1651 989 1716 codicum
1008 1673 1065 1715 suo
1088 1651 1157 1716 iure
1177 1650 1340 1717 contendit

211 1753 389 1836 Hauptius‚
418 1777 518 1839 quem
535 1755 642 1838 ipsum
664 1776 729 1820 nou
752 1754 837 1841 fugit
859 1754 967 1820 locum
990 1757 1099 1818 extare
1128 1754 1223 1821 huius
1246 1776 1338 1839 pror-

212 1881 265 1922 sus
288 1859 425 1922 similem
448 1859 482 1922 in
505 1859 551 1922 eis
573 1880 654 1943 quae
678 1858 772 1924 XXV
794 1867 824 1937 4,
843 1866 861 1926 3
885 1859 924 1923 de
947 1855 1078 1921 Iuliano
1101 1857 1338 1941 praedicantur:

207 1982 296 2039 qnam
318 1967 412 2025 icbcrn
436 1960 517 2044 (scil.
539 1961 782 2044 impudicitiam)
804 1964 838 2022 in
859 1963 960 2022 cinito
984 1963 1086 2022 robore
1113 1962 1274 2023 iuuentutis
1295 1963 1340 2022 itu

205 2072 291 2127 caute
312 2065 435 2135 uincit,
464 2069 499 2124 ut
519 2082 555 2125 nc
574 2067 740 2142 suspicione
762 2066 879 2140 quidun
906 2070 991 2125 tenus
1019 2065 1154 2126 libidinis
1182 2065 1275 2124 uilius
1296 2066 1341 2124 cci

209 2169 359 2228 citerioris
380 2167 459 2228 citae
479 2170 621 2230 ministris
642 2171 841 2231 incusaretur.
884 2165 999 2250 Neque
1029 2170 1138 2230 tamen
1166 2165 1235 2230 viro
1263 2165 1338 2230 doc-

211 2268 338 2331 tissimo
372 2272 509 2334 citerioris
542 2276 619 2335 uiue
661 2268 712 2334 vel
749 2269 853 2333 simile
885 2269 1058 2354 quidquam
1089 2269 1123 2334 in
1154 2269 1217 2332 isto
1256 2289 1338 2332 mue

213 2369 314 2434 latere
330 2393 423 2454 posse
437 2371 540 2437 visum
559 2377 617 2441 est.
655 2371 831 2457 Proposuit
847 2373 949 2458 igitur
965 2365 999 2436 ui
1015 2391 1067 2436 ncc
1085 2391 1186 2434 cunno
1203 2374 1339 2434 ministro

210 2476 312 2534 suttcrn
325 2477 488 2551 suspicione
501 2483 586 2538 tenus
593 2482 693 2552 posset
705 2477 855 2553 redorpru,
870 2496 966 2559 quam
982 2475 1197 2540 coniecturam
1212 2494 1339 2560 oppug-

164 2599 168 2608 ·
206 2575 297 2640 navit
326 2575 508 2663 Madvigius
522 2578 561 2660 ¹),
593 2577 652 2661 qui.
679 2599 783 2662 neque
814 2599 935 2642 canorus
965 2581 1098 2642 minister
1128 2577 1205 2662 quid
1233 2577 1275 2641 sit
1304 2599 1338 2642 se
1438 2603 1441 2611 ·

206 2678 395 2765 intellegere
418 2681 464 2746 ait
486 2700 591 2764 neque
613 2683 668 2745 aut
692 2679 835 2746 dativum
863 2685 919 2745 aut
942 2679 1116 2752 ablativum
1140 2683 1214 2764 apte
1237 2671 1338 2746 orati-

209 2782 262 2844 oni
284 2783 518 2864 accommodari
535 2803 640 2867 posse.
684 2783 732 2848 Ac
751 2783 840 2868 prius
863 2784 943 2849 illud
964 2788 1051 2848 recte
1069 2783 1231 2848 monuisse
1249 2783 1338 2848 vide·

211 2886 278 2946 tur:
300 2886 459 2972 malignus
481 2886 538 2950 ille
561 2885 716 2966 minister,
740 2909 836 2972 quem
859 2888 921 2952 sibi
939 2886 1101 2971 Hauptius
1123 2886 1226 2965 finxit,
1250 2907 1338 2950 ama·

209 3007 264 3049 rus
285 2986 338 3051 vix
359 2988 517 3074 appellari
539 2989 656 3074 potuit.
701 2988 820 3054 Contra
837 2990 1020 3076 Madvigius
1042 2992 1069 3056 si
1090 2991 1125 3055 in
1143 2990 1249 3056 dativo
1273 2991 1340 3054 sive

211 3088 350 3156 ablativo
374 3093 518 3171 offendit,
541 3115 607 3158 uon
629 3097 715 3158 recte
739 3093 882 3173 offendit,
906 3115 978 3158 oum
1001 3095 1128 3178 saepius
1152 3093 1340 3158 Ammianus

206 3214 267 3277 pro
285 3194 427 3260 ablativo
447 3216 520 3260 oum
538 3195 777 3282 praepositione
793 3218 813 3260 c
828 3197 999 3262 coniuncto
1022 3201 1132 3264 utatur
1149 3197 1215 3262 sive
1233 3197 1340 3262 dativo

206 3297 273 3360 sive
296 3298 417 3362 nudum
440 3295 616 3362 ablativum
640 3321 708 3365 esse
730 3305 833 3384 putea.
880 3301 929 3365 Ad
959 3305 1086 3385 tempus
1108 3301 1339 3385 mihiipraesto

206 3404 281 3463 sunt
303 3400 366 3465 duo
389 3401 464 3479 loci,
487 3400 629 3484 primum
650 3403 721 3488 ipsa
740 3401 796 3466 illa
817 3404 915 3468 verba
933 3401 1028 3468 XXV
1051 3411 1114 3481 4,3
1139 3425 1221 3489 quae
1243 3425 1340 3488 supra

140 3533 142 3537 ·
208 3503 373 3587 exscripsi,
396 3503 510 3567 deiude
533 3502 612 3568 XIV
636 3514 665 3585 6,
683 3513 732 3583 23,
756 3504 812 3569 ubi
835 3510 871 3570 ut
893 3507 926 3569 in
946 3504 1034 3570 codd.
1054 3505 1175 3592 legitur
1196 3511 1341 3572 contioni·

205 3607 268 3678 bus,
291 3605 337 3670 ita
361 3605 440 3690 quin
462 3626 532 3670 cum
551 3605 739 3692 Bentleioi)
763 3612 945 3670 cautioribus
963 3609 1164 3675 scribendum
1187 3610 1229 3674 sit
1246 3610 1340 3674 dubi-

205 3707 268 3770 tari
289 3708 412 3791 nequit.
457 3707 556 3774 Plura
579 3711 725 3795 exempla
758 3707 868 3795 colligi
900 3731 995 3794 posse
1027 3717 1115 3778 certo
1145 3713 1220 3779 scio.
1265 3710 1340 3797 Ipse

206 3807 389 3894 Madvigius
412 3809 479 3874 sine
509 3812 605 3877 dubio
635 3813 837 3879 scribendum
871 3833 938 3877 esse
961 3819 1069 3882 censet
1092 3823 1126 3880 ut
1153 3834 1206 3879 nac
1226 3827 1344 3880 rnncre
1454 3846 1455 3849 ¹

296 4050 314 4115 ¹)
332 4049 448 4104 Advers.
466 4051 527 4106 crit.
547 4052 588 4105 III
605 4071 632 4122 p.
651 4055 710 4110 260.
771 4047 772 4050 ¹

293 4136 313 4200 ²)
331 4135 402 4189 Mus.
421 4135 510 4191 Rhen.
529 4136 563 4190 N.
582 4136 608 4191 S.
627 4138 746 4194 XXXIII
765 4159 791 4209 p.
811 4142 871 4197 471.
