3308 4934
779 363 990 426 „43-

322 563 415 621 ocae,
451 530 507 608 ribi
537 541 689 610 Gelenius
720 542 818 608 edidit
851 547 1060 622 uacuaque,
1097 545 1177 610 mihi
1197 547 1325 631 quidem
1353 549 1448 632 plane

321 651 468 714 constare
487 646 613 713 videtur
630 649 767 730 utroque
785 645 857 712 loco
875 649 1046 710 caratauc·
1063 648 1196 714 verbum
1215 651 1447 716 restituendum

321 771 400 816 esse.
444 749 681 816 Dubitaveruut
704 749 832 833 quidem
854 749 893 814 de
916 772 954 817 eo
977 754 1010 815 et
1032 749 1065 815 G.
1086 749 1120 816 F.
1139 751 1192 818 W.
1211 751 1347 820 Mueller
1359 755 1383 838 ¹)
1412 760 1446 820 et

322 853 503 920 Friderieus
532 850 639 938 Vogel
649 852 688 935 ²),
720 853 836 936 quibus
868 854 901 920 id
931 875 1006 919 sane
1037 856 1272 921 concedendum
1296 862 1345 923 est
1365 860 1446 944 apud

321 955 402 1022 alios
433 955 605 1040 scriptores
636 954 717 1020 illud
751 957 943 1022 vocabulum
976 980 1041 1039 non
1068 959 1221 1036 inveniri3
1257 961 1313 1025 sed
1342 983 1446 1027 amare

322 1058 530 1124 Ammianum
559 1057 607 1122 uti
636 1057 742 1124 verbis
768 1059 936 1124 intensivis
959 1082 1041 1145 quae
1064 1061 1213 1126 dicuntur
1235 1063 1299 1126 iam
1323 1062 1449 1128 Keller·

322 1161 422 1226 bauer
431 1159 458 1242 ³)
486 1160 658 1244 'perspexit
694 1164 727 1226 et
762 1163 897 1227 duorum
935 1162 1066 1239 illorum
1106 1163 1250 1230 locorum
1290 1165 1450 1249 scriptura

322 1263 426 1347 qualis
448 1263 481 1328 in
505 1263 551 1327 V⁰
574 1267 663 1329 extat
684 1268 793 1347 aperte
826 1287 883 1330 nos
911 1266 951 1330 ad
973 1270 1142 1332 decollandi
1174 1268 1323 1347 verbum,
1356 1269 1451 1332 onia

315 1368 445 1437 'ratione
458 1366 688 1452 grammaticae
702 1367 783 1430 nihil
802 1372 894 1451 potes
912 1369 1048 1448 obicere,
1068 1370 1203 1436 deducit.
1226 1370 1338 1455 ltaque
1358 1371 1451 1454 equi-

320 1472 392 1536 dem
414 1469 500 1534 hunc
522 1468 629 1534 locum
652 1471 697 1534 sic
719 1471 943 1557 corrigendum
973 1493 1043 1538 esse
1065 1495 1178 1538 censeo
1208 1479 1292 1538 auios
1316 1478 1350 1536 ia
1372 1494 1452 1536 aam-

252 1599 255 1606 2
319 1578 420 1636 cairate
449 1575 621 1638 occidentali
651 1579 797 1640 accolabus
826 1581 997 1653 praeruptis
1028 1580 1259 1641 densitates
1291 1581 1451 1644 Succorum

316 1671 471 1753 patescant
492 1681 656 1756 elepantos.

405 1882 504 1952 xxvi!
536 1891 584 1960 11,
611 1891 626 1950 1
655 1905 725 1968 sqq.
780 1879 969 1950 Ammianus
1001 1887 1099 1952 vitam
1136 1908 1306 1971 moresque
1343 1887 1448 1952 Anicii

322 1987 466 2052 Petronii
497 1986 599 2052 Probi
630 1986 791 2052 describit.
834 1987 883 2052 De
913 2010 976 2073 quo
1008 1989 1041 2052 in
1071 1989 1131 2071 §2
1156 1992 1267 2054 extant
1296 1989 1391 2054 haec:
1422 1997 1447 2051 et

322 2092 503 2167 ricapecora
526 2093 623 2165 quoad
644 2093 720 2152 aicit
747 2094 880 2169 inperitia
902 2095 1055 2170 larpieado
1079 2099 1105 2154 et
1130 2094 1346 2156 intervallando
1370 2099 1443 2170 potc-

320 2200 407 2256 stotes
429 2177 589 2267 adsiduas,
612 2201 676 2256 erat
697 2201 794 2258 taurea
813 2198 963 2260 ,interdura
984 2198 1106 2258 timidas
1122 2197 1181 2260 eto.
1217 2191 1256 2258 In
1273 2193 1324 2258 his
1341 2193 1444 2259 verbis

321 2302 357 2364 ut
378 2303 513 2378 lupentio
534 2296 700 2362 trahamus
722 2298 760 2362 ad
784 2301 937 2375 larpieado
960 2303 993 2362 et
1015 2298 1174 2362 sententia
1192 2297 1394 2362 commendat
1416 2301 1448 2362 et

211 2448 214 2452 -
322 2400 499 2486 aequalitas
514 2401 732 2466 membrorum
746 2399 866 2485 alioqui
880 2399 979 2466 nulla.
1013 2399 1101 2476 Quae
1116 2421 1188 2464 cum
1202 2400 1249 2464 ita
1262 2400 1327 2463 sint
1340 2401 1448 2466 nescio

320 2527 361 2574 an
396 2505 430 2570 in
466 2505 512 2568 eis
547 2525 629 2588 quae
661 2504 855 2588 praecedunt
889 2503 1081 2568 vocabulum
1117 2502 1249 2588 aliquod
1284 2504 1448 2574 exciderit.

322 2605 491 2691 Nusquam
523 2607 607 2670 euim
631 2611 786 2691 quantum
808 2607 916 2686 video,
947 2607 974 2670 si
997 2630 1015 2670 a
1037 2605 1200 2690 participii
1222 2604 1326 2670 forma
1343 2613 1451 2684 potens

325 2709 532 2788 abscesseris,
564 2709 697 2774 verbum
724 2695 809 2786 posse
838 2709 985 2774 absolute
1007 2710 1127 2774 dictum
1149 2709 1234 2773 idem
1255 2708 1341 2773 valet
1363 2711 1450 2792 qnod

322 2816 448 2876 ouillum
482 2832 576 2890 posse.
628 2809 742 2894 Itaque
778 2815 833 2876 aut
867 2833 918 2876 me
951 2815 1083 2878 auctore
1118 2816 1193 2896 post
1228 2815 1293 2873 lieet
1327 2812 1450 2876 inseras

320 2919 484 2978 multura
515 2918 570 2980 aut
601 2915 687 2998 quod
710 2912 858 2999 Meyarus
881 2913 1040 2999 Spirensis
1072 2915 1173 2980 suasit
1200 2917 1376 2999 proporat
1397 2935 1449 2978 re-

321 3019 441 3084 scribas
459 3026 616 3095 pateas.

398 3225 498 3296 xxtm
512 3233 560 3303 11,
574 3225 642 3292 4de
657 3225 766 3290 eodem
777 3223 883 3288 Probo
893 3225 1041 3314 dicuntur
1050 3223 1144 3288 haec:
1159 3245 1285 3301 caraque
1291 3227 1449 3302 fmeadraa

320 3337 374 3392 est:
398 3347 559 3406 numquam
580 3331 635 3390 illa
656 3330 899 3406 mapnaaaaaau
921 3330 1044 3392 coalitus
1065 3329 1164 3390 clienti
1191 3330 1236 3389 ael
1261 3346 1343 3392 servo
1364 3345 1448 3405 opere

321 3437 478 3510 quiequam
499 3434 588 3494 tussit
610 3434 765 3506 inlicitum,
787 3433 838 3494 sed
861 3434 888 3492 sa'
910 3452 1009 3494 eorum
1030 3449 1203 3507 quemquam
1225 3434 1332 3502 crimea
1356 3433 1448 3492 unua

322 3541 499 3612 oocuparerot
521 3537 684 3608 amorra,
713 3538 758 3596 act
778 3537 847 3611 ipsa
867 3540 1049 3613 repausante
1074 3537 1192 3596 iustitio
1219 3553 1279 3596 aaa
1301 3537 1449 3612 aaaron

321 3641 434 3716 repotia
463 3639 526 3700 siae
554 3644 685 3715 respecta
708 3640 776 3700 boat
797 3639 966 3713 honestique
988 3639 1167 3716 defendebat.
1211 3633 1249 3700 In
1270 3635 1321 3700 his
1344 3635 1449 3701 verbis

322 3738 493 3806 manifesto
512 3740 662 3806 mendum
684 3739 772 3806 latet.
818 3739 905 3815 Quae
929 3742 977 3804 cst
995 3739 1079 3804 enim
1102 3740 1160 3803 illa
1178 3738 1448 3824 magnanimitas?

410 3998 428 4066 ¹)
447 3997 548 4052 Annal.
567 3996 666 4067 philol.
689 3997 753 4051 1873
771 4016 798 4067 p.
817 3997 876 4052 355.

409 4085 429 4150 ²)
448 4082 549 4150 Annal,
568 4082 668 4153 philol.
690 4081 754 4136 1883
771 4101 798 4152 p.
817 4082 868 4137 865
887 4099 927 4151 sq.

410 4171 431 4238 ³)
449 4168 483 4224 of.
502 4186 575 4239 quae
595 4167 723 4238 exposuit
741 4166 771 4222 in
790 4167 892 4222 Annal.
911 4168 996 4224 schol.
1015 4168 1116 4224 Bavar.
1135 4168 1190 4224 vol.
1201 4168 1254 4224 VII
1271 4165 1361 4236 (1871)
1370 4184 1397 4237 p.
1410 4168 1450 4222 15.

1609 1046 1617 1293 ι

1617 1555 1620 1640 l
