3308 4934
774 369 984 431 ..10-

318 549 400 614 hano
417 549 589 614 lectionem
604 549 681 614 ferri
698 572 763 614 non
778 573 871 636 posse
889 551 983 637 plane
1001 572 1187 635 persuasum
1206 553 1284 614 erat.
1319 547 1439 613 Temen

317 652 414 716 verba
437 675 476 716 ex
498 652 571 737 plus
594 674 691 736 quam
714 675 776 717 una
798 676 893 719 causa
914 653 1066 718 mutanda
1088 657 1171 718 sunt.
1216 651 1330 736 Neque
1354 651 1439 716 enim

318 760 395 834 erat,
419 778 475 821 cur
492 755 617 821 nobiles
636 755 773 822 Romani
791 759 829 822 de
847 758 996 822 diuturna
1014 755 1172 841 Scipionis
1190 755 1277 820 illius
1295 755 1439 820 absentia

318 859 557 938 erubescerent,
594 881 666 924 cum
699 860 840 944 ipsorum
872 862 960 926 iussu
991 861 1031 924 ad
1064 858 1184 924 bellum
1218 859 1252 923 in
1283 857 1439 943 Hispania

317 964 491 1048 gerendum
513 963 628 1028 missus
651 967 743 1028 esset,
758 965 780 1047 ¹)
826 965 874 1029 Ao
896 962 1044 1030 Valesius
1075 963 1113 1026 ad
1143 961 1227 1026 hunc
1254 959 1361 1026 locum
1383 960 1438 1024 ed-

317 1066 442 1130 notsvit
463 1065 558 1130 haec:
593 1066 645 1130 rin
673 1066 739 1130 cod.
764 1065 867 1152 Regio
897 1070 930 1131 et
950 1066 1033 1130 edit.
1057 1063 1202 1130 Romana
1231 1064 1336 1149 reperi
1367 1063 1439 1128 ceu-

316 1172 456 1246 turaum,
479 1168 561 1233 unde
584 1168 655 1252 quis
678 1168 821 1234 conicere
843 1170 955 1253 possit,
977 1167 1148 1253 legendum
1171 1189 1239 1232 esse
1261 1187 1332 1233 cum
1352 1165 1441 1231 nobi·

317 1270 392 1336 titos
418 1271 534 1355 florem
564 1272 693 1338 adultae
726 1274 862 1357 cirpints
893 1273 1083 1338 diuturnum
1117 1273 1259 1338 absentia
1287 1274 1440 1354 peremeris

317 1375 506 1442 erubesceret
523 1377 640 1459 patrie,
664 1380 695 1441 et
717 1377 764 1442 ita
786 1379 954 1442 diuturnus
983 1377 1042 1442 flos
1066 1377 1128 1442 erit
1149 1397 1244 1461 quem
1266 1374 1322 1439 alii
1344 1372 1440 1438 obso-

316 1477 488 1543 lescentem
510 1480 680 1546 dicerent.»
726 1483 926 1560 diuturnum,
958 1481 1042 1566 quod
1074 1480 1129 1545 ille
1158 1480 1192 1544 in
1223 1479 1290 1544 cod.
1335 1476 1438 1563 Regio

316 1581 454 1661 invenit,
487 1583 584 1647 etiem
605 1584 639 1648 in
662 1583 708 1648 V⁰
729 1589 827 1649 extat.
872 1583 985 1671 Neque
1008 1589 1116 1649 tumen
1147 1582 1330 1648 coniectura
1360 1579 1438 1658 eius,

316 1707 413 1769 quam
436 1690 468 1750 et
490 1686 758 1770 Eyssenhardtius
781 1692 814 1752 et
831 1687 1090 1752 Gardthausenus
1112 1687 1311 1770 receperunt,
1322 1683 1439 1776 ‘locum

315 1790 463 1851 sanatum
486 1780 556 1853 esse
577 1790 680 1854 credo.
725 1789 953 1874 Praeterquam
977 1789 1060 1854 enim
1088 1789 1174 1874 quod
1195 1787 1353 1852 infinitivo
1375 1805 1440 1852 esse

317 1889 401 1955 heud
423 1890 536 1957 lubens
558 1891 713 1958 hocloco
744 1915 900 1971 carerem,
930 1893 1041 1958 florem
1065 1891 1191 1959 adultae
1212 1891 1347 1977 virginis
1369 1889 1439 1954 diu·

318 1996 448 2057 turnum
477 1994 560 2059 idem
592 1984 771 2081 significare
802 2019 896 2081 posse
919 2001 1015 2081 etque
1047 1995 1300 2061 obsolescentem
1326 1992 1439 2058 florem

318 2117 412 2160 nemo
435 2096 514 2161 mihi
535 2100 748 2183 persuadebit.
794 2101 885 2177 Quod
906 2101 1102 2167 desideretur
1125 2099 1277 2165 facillime
1307 2096 1438 2162 eruitur.

316 2199 556 2266 Erubescebaut
592 2203 780 2286 optimates,
820 2205 906 2289 quod
942 2225 1014 2269 cum
1048 2202 1156 2288 Scipio
1191 2205 1284 2286 pater
1320 2199 1440 2266 relictis

317 2303 413 2368 nullis
436 2305 521 2370 domi
552 2305 671 2371 divitiis
702 2306 736 2369 iu
758 2305 916 2390 Hispania
936 2308 1112 2392 pugnaret,
1143 2303 1348 2390 pulchritudo
1371 2324 1440 2367 ma·

317 2409 408 2474 turae
427 2408 494 2474 eius
517 2409 601 2474 filiae
620 2409 764 2476 futurum
783 2413 866 2474 esset
887 2413 923 2474 ut
945 2411 1147 2474 evanesceret
1164 2429 1269 2492 neque
1286 2405 1442 2490 reperiret

254 2561 256 2565 ,
317 2510 425 2596 virgo,
460 2512 515 2597 qui
546 2535 580 2578 se
612 2535 743 2579 uxorem
775 2515 913 2579 duceret.
958 2514 1060 2590 Quam
1090 2512 1219 2598 quidem
1249 2510 1441 2577 sententiam

317 2623 539 2698 assequemur,
572 2616 599 2679 si
622 2614 744 2681 Valesii
766 2616 949 2682 coniectura
971 2617 1114 2683 absentio
1144 2614 1279 2700 probata
1310 2618 1346 2678 ut
1367 2636 1440 2678 sex·

318 2717 418 2782 centis
440 2717 511 2783 aliis
533 2718 696 2784 Ammiani
718 2719 798 2785 locis
820 2719 873 2784 hic
895 2741 1022 2804 quoque
1055 2718 1174 2804 aliquid
1203 2717 1356 2784 excidisse
1377 2715 1438 2781 ret'

317 2819 363 2883 ita
391 2820 489 2885 verba
521 2822 780 2888 constituerimus
812 2843 882 2888 cum
912 2821 1062 2888 nobilitas
1084 2823 1198 2907 florem
1228 2819 1356 2886 adultae
1378 2823 1441 2884 otr-

315 2923 404 3006 piuts
426 2925 679 3003 dictare<c
704 2927 1033 3003 taterttor>um
1065 2925 1268 2991 absentio
1285 2923 1440 3007 pauperis

318 3029 507 3092 erubesceret
522 3030 638 3111 putris.
682 3028 895 3115 uogiundum
918 3033 967 3094 est
996 3029 1105 3094 oculos
1132 3027 1255 3093 scribae
1278 3049 1297 3091 a
1323 3025 1439 3092 litteris

318 3151 399 3213 ques
422 3134 495 3195 sunt
515 3136 592 3196 torre
613 3133 653 3198 ad
675 3132 795 3198 similes
818 3131 890 3198 illes
912 3137 966 3198 tor
987 3132 1160 3200 aberrasse.
1173 3131 1200 3216 ⁶³)

364 3346 366 3351 '
403 3335 466 3404 xlv
497 3345 546 3416 10,
579 3345 626 3404 14.
671 3337 859 3418 Alamanni,
896 3338 1012 3424 quibus
1047 3360 1066 3402 e
1100 3336 1287 3404 Constantio
1322 3336 1441 3402 bellum

318 3437 444 3504 illatum
471 3444 532 3520 est,
562 3447 734 3527 postquam
757 3443 929 3527 optimates
951 3442 1107 3506 miserunt
1128 3442 1183 3526 qui
1207 3442 1246 3506 ab
1270 3462 1307 3506 eo
1329 3462 1442 3526 pacem

407 3665 424 3733 ¹)
443 3665 476 3718 cf.
495 3665 553 3720 Liv.
572 3665 656 3720 XXV.

406 3750 426 3816 ²)
444 3750 599 3819 vulgatam
625 3752 774 3808 lectionem
802 3769 911 3808 mecum
940 3752 1146 3806 damnaverunt
1173 3767 1243 3820 quos
1270 3749 1304 3806 de
1332 3751 1385 3806 hec
1413 3768 1442 3805 re

321 3837 447 3893 consului
460 3840 655 3908 praeceptores
669 3839 725 3894 mei
735 3838 969 3894 Wilamowitzius
983 3840 1012 3894 et
1021 3837 1149 3911 Meyerus
1163 3838 1307 3910 Spirensis,
1322 3857 1440 3909 quorum

318 3920 367 3976 ille
384 3941 445 3976 cum
460 3925 587 3978 nobilitas
602 3927 698 3992 florem
715 3927 825 3979 adultae
842 3928 959 3993 viminis
977 3927 1242 3979 interiturum
1260 3927 1443 3981 absentio

318 4013 452 4076 pauperis
470 4011 635 4064 erubesceret
647 4013 758 4078 patrie,
783 4010 829 4063 hic
853 4010 915 4064 coll.
934 4009 1057 4078 exempli
1074 4011 1170 4080 gratia
1187 4011 1270 4082 Verg.
1288 4013 1320 4066 A.
1347 4013 1374 4066 H
1391 4013 1441 4068 541

318 4111 379 4146 eum
392 4097 520 4148 nobilitas
531 4097 626 4162 florem
638 4098 748 4150 adultae
756 4099 874 4164 cirotecis
883 4099 1047 4152 diuturnum
1066 4087 1187 4158 <ot>
1204 4101 1353 4154 absentium
1371 4117 1442 4168 puu-

316 4183 394 4247 peris
412 4182 577 4236 erubesceret
591 4184 685 4250 patris
703 4181 880 4266 scribendum
900 4199 958 4238 esse
976 4182 1120 4239 iudicavit.
