3308 4934
699 341 887 400 ..7-

234 525 320 608 parte
344 546 408 588 non
438 523 543 587 solum
573 521 827 606 speciosissimae
860 521 914 586 sed
945 520 1040 586 etiam
1063 521 1259 588 rectissimae
1281 527 1356 588 sunt

235 663 270 674 -
294 647 397 710 neque
427 625 512 690 enim
542 628 662 690 temere
693 623 855 708 Hauptius
888 625 1009 708 (opusc.
1042 623 1083 688 Π.
1115 648 1146 708 p.
1176 625 1251 708 375)
1283 647 1356 690 eum

231 729 388 814 praeclari
407 727 530 815 ingenii
548 727 710 792 hominem
729 725 905 812 appellavit
928 765 978 804 —-‚
1001 732 1107 792 tamen
1131 727 1165 791 in
1182 728 1355 812 propatulo

232 836 279 898 est
301 833 394 897 nobis
414 830 544 898 nonnisi
566 852 638 894 cum
661 829 800 896 maxima
818 829 965 894 cantone
987 829 1168 914 iudicioque
1187 831 1355 896 admodum

233 937 461 1020 circumspecto
481 933 653 998 editionem
676 933 743 997 eius
766 933 941 997 adeundam
965 955 1137 1018 omnesque
1161 933 1229 998 eius
1250 933 1356 1000 varias

232 1039 394 1117 lectiones,
417 1037 480 1104 nisi
503 1059 543 1101 ex
565 1029 784 1100 Hersfeldensi
806 1035 914 1100 codice
937 1057 990 1101 aas
1016 1036 1146 1102 haustas
1169 1059 1237 1102 esse
1260 1036 1355 1121 plane

234 1146 319 1208 certo
350 1145 540 1228 argumento
572 1139 782 1204 demonstrari
804 1138 940 1231 poterit,
971 1139 1170 1204 coniecturas
1199 1141 1354 1224 putandas

233 1266 300 1310 esse
314 1244 453 1308 hominis
471 1264 546 1307 sane
568 1239 775 1326 sagacissimi,
792 1241 845 1306 sed
869 1244 977 1304 tamen
997 1243 1196 1308 coniecturas
1219 1246 1354 1310 tantum.

233 1346 398 1413 Summum
420 1348 615 1410 momentum
638 1365 764 1427 semper
786 1342 830 1408 V⁰
844 1343 1047 1408 tribuendum
1077 1345 1153 1423 erit,
1184 1346 1255 1430 qui,
1287 1345 1315 1411 si
1335 1369 1355 1410 a

232 1451 354 1516 lacunis
385 1448 571 1514 discesseris
596 1447 705 1512 statim
733 1443 1033 1525 commemorandis,
1065 1469 1160 1532 quam
1192 1471 1293 1532 prope
1315 1449 1354 1512 ad

233 1552 493 1618 Hersfeldensem
527 1550 671 1629 accedat,
712 1550 905 1634 quicumque
945 1569 1017 1614 aum
1053 1571 1125 1615 oum
1164 1551 1354 1638 fragmentis

234 1654 515 1740 Marburgcnsibus
537 1652 717 1731 contulerit,
740 1651 833 1718 facile
856 1651 1033 1737 intelleget.
1048 1655 1070 1736 ¹)
1098 1709 1100 1714 .

319 1757 365 1824 Ut
393 1758 426 1822 in
455 1757 515 1822 hac
545 1779 579 1821 re
615 1758 653 1822 ad
685 1757 817 1823 eandem
849 1755 977 1841 perveni
1014 1756 1221 1836 sententiam,
1257 1779 1353 1842 quam

234 1861 386 1927 Nissenus
408 1860 574 1946 amplexus
597 1863 661 1937 est,
694 1860 791 1925 etiam
812 1859 845 1924 in
868 1880 906 1924 eo
940 1859 1025 1944 quod
1046 1859 1177 1926 lacunas
1198 1860 1356 1926 attineta

232 1963 361 2030 Gelenio
383 1962 526 2047 expletas
549 1963 643 2048 plane
661 1984 734 2028 cum
755 1961 884 2027 homine
899 1961 955 2026 illo
973 1963 1157 2029 doctissimo
1179 1962 1352 2030 consentio.

230 2069 327 2135 Recte
367 2067 453 2133 enim
491 2065 647 2132 Nissenus
692 2066 841 2150 exposuit
880 2065 1062 2152 fragmenta
1100 2065 1353 2152 Marburgensia,

231 2193 425 2257 quamquam
446 2170 581 2235 fortuito
604 2170 678 2236 talia
704 2169 794 2234 locus
824 2191 888 2254 quo
911 2167 950 2234 V¹
977 2168 1072 2235 lectio
1102 2169 1209 2235 hiulca
1229 2167 1354 2234 Gelenii

233 2273 454 2340 additamentis
473 2272 601 2357 expleta
619 2277 702 2338 esset
724 2272 757 2336 in
776 2272 821 2337 eis
842 2294 908 2338 non
926 2275 1059 2351 extaret,
1084 2276 1192 2338 tamen
1212 2272 1246 2337 id
1261 2272 1353 2338 lucu·

232 2376 335 2442 lenter
357 2376 522 2442 ostendere
545 2398 610 2440 non
631 2376 669 2441 de
692 2397 749 2440 suo
772 2375 828 2440 illa
849 2374 1017 2441 Gelonium
1040 2376 1211 2455 addidisse,
1234 2375 1353 2462 quippe

232 2482 286 2566 qui
308 2480 397 2546 locos
415 2480 537 2544 laceros
559 2501 623 2544 non
641 2479 853 2564 supplevisset
866 2479 1054 2564 plerumque
1073 2480 1128 2544 sed
1148 2479 1352 2565 omisisset.²)

235 2584 419 2649 Addiderim
441 2581 664 2668 supplementa
692 2580 749 2647 illa
778 2603 894 2667 magna
917 2603 955 2646 ex
984 2586 1075 2666 parte
1098 2582 1143 2647 ita
1171 2587 1355 2666 comparata

233 2710 311 2767 esse,
332 2689 368 2752 ut
390 2687 443 2752 vix
467 2709 485 2751 a
509 2707 670 2772 quoquam
694 2685 875 2772 excogitata
897 2707 964 2751 esse
982 2685 1106 2770 possint
1123 2685 1220 2771 inque
1242 2685 1353 2769 primis

233 2789 458 2874 Hermapionis
486 2788 719 2874 fragmentum,
753 2789 838 2873 quod
866 2788 901 2852 in
931 2787 1006 2852 libri
1027 2784 1123 2852 XVII
1154 2787 1257 2871 capite
1279 2796 1299 2856 4
1321 2788 1376 2856 in.

234 2893 279 2958 V⁰
301 2893 432 2972 excidit,
465 2892 492 2956 si
514 2891 586 2976 quis
608 2890 721 2956 vitiare
743 2891 915 2970 voluisset,
949 2913 1021 2956 eum
1044 2894 1128 2956 certe
1158 2891 1354 2956 emendatius

235 2996 419 3061 vitiatarum
450 2993 558 3059 fuisse.
602 2994 813 3080 Aliquantum
848 2995 1024 3060 sententiae
1059 2997 1187 3059 nostrae
1219 2992 1354 3059 fortasse
1414 2990 1416 2996 ’

234 3099 307 3165 inde
329 3119 457 3184 quoque
478 3097 631 3165 adcrescit
652 3097 906 3183 probabilitatis,
939 3097 967 3164 si
988 3097 1242 3175 meminerimus,
1275 3119 1354 3182 quo·
1392 3113 1394 3118 '

234 3203 329 3268 modo
352 3201 463 3266 eadem
491 3223 542 3266 res
570 3223 603 3266 se
619 3199 753 3276 „habeat
773 3203 807 3266 in
838 3201 966 3288 scriptis
988 3199 1180 3286 Symmachi.
1224 3200 1355 3287 Meyero

235 3305 319 3372 enim
343 3303 487 3390 Spirensi
509 3325 580 3369 cum
602 3309 675 3370 ante
697 3306 757 3371 hos
779 3304 842 3370 XV
863 3327 964 3371 annos
981 3302 1165 3389 Symmachi
1185 3303 1356 3372 relationes

234 3410 356 3488 ederet,
388 3411 518 3492 praeter
543 3429 641 3474 unum
673 3410 813 3474 codicem
835 3408 1124 3495 'legernseeensem
1152 3407 1355 3494 potissimum

235 3512 332 3578 editio
353 3511 503 3597 princeps
522 3510 644 3578 Gelenii
667 3512 845 3578 adhibenda
868 3516 944 3578 erat.
990 3510 1091 3587 Quem
1109 3533 1181 3576 cum
1202 3511 1357 3578 nonnulla

236 3636 310 3678 sane
332 3614 491 3702 sagaciter
512 3614 712 3693 emendasse,
744 3615 899 3699 quaedam
929 3635 1005 3679 vero
1035 3613 1184 3680 audacius
1215 3617 1356 3680 mutasse

236 3717 444 3801 perspiceret,
474 3717 571 3782 etiam
595 3716 709 3782 ultima
731 3716 895 3782 relationis
917 3717 1185 3801 quartae-verba,
1217 3738 1298 3800 quae
1320 3720 1356 3783 ut

328 3888 347 3954 ¹)
365 3886 443 3952 Quod
453 3889 576 3944 codicem
588 3889 732 3944 Petrinum
742 3889 785 3958 (P)
796 3888 982 3956 attinet,·vide
996 3907 1069 3959 qnae
1082 3888 1211 3960 exposuit
1224 3908 1250 3959 p.
1264 3889 1353 3944 XVII]

235 3971 367 4029 editionis
386 3991 452 4029 suae
471 3973 710 4042 Gardthausenus,
729 3976 776 4045 qui
796 3979 891 4034 tamen
906 3993 1002 4042 uereor
1020 3993 1055 4044 ne
1074 3975 1100 4030 ei
1118 3976 1181 4062 plns
1201 3993 1287 4044 qnam
1305 3993 1357 4052 par

235 4063 277 4115 est
296 4057 433 4114 momenti
450 4060 589 4115 tribuerit.
1213 4059 1215 4064 ⁴
1312 4059 1314 4066 ’

323 4148 342 4223 ²)
360 4145 394 4213 ⁰f=
413 4145 521 4220 limen·
540 4165 566 4236 Ρ·
584 4147 626 4220 293
