3308 4934
706 309 915 367 ..55-

246 453 436 572 praesertim
465 509 538 553 cum
566 487 669 553 multo
700 488 830 573 longius
853 511 872 551 a
894 487 1012 552 codicis
1040 486 1188 571 vestigiis
1216 485 1376 562 recedant,

247 612 342 674 quam
365 594 402 654 ut
424 611 478 654 eos
500 611 610 655 verum
633 589 749 654 vidisse
767 588 942 654 verisimile
960 589 1011 652 sit.
1045 586 1141 652 an⁰
1155 587 1240 651 enim
1255 586 1377 672 legitur

246 699 280 754 ut
297 710 463 770 pomarum
484 695 611 755 maturis
635 691 765 778 [Iuenna
786 701 825 760 10
840 691 956 776 litter]
974 695 1079 768 ferret.
1113 689 1251 754 Videtur
1268 691 1377 751 autem

245 793 361 858 lacuna
392 794 437 856 sic
469 815 537 858 esse
567 793 724 877 explenda
755 815 901 859 sermone
931 815 996 858 uon
1019 793 1142 877 optimo
1167 789 1224 856 illo
1247 789 1377 874 quidem

246 895 302 959 sed
318 899 426 959 tamen
441 895 613 960 Ammiano
637 895 722 960 haud
744 896 896 981 indigno:
919 903 952 958 ut
969 915 1180 972 poenarum
1201 895 1378 956 maturis-

245 1000 426 1074 <simum
448 1005 613 1077 capre>
628 1002 725 1075 scrrct
739 1001 830 1076 fiairi
853 1017 918 1060 euru
938 1005 1037 1060 uurte.
1070 996 1122 1060 Ex
1143 995 1308 1061 Ammiani
1329 995 1378 1060 di-

247 1096 338 1163 cendi
368 1099 493 1163 ratione
518 1119 685 1178 poenarum
713 1102 948 1164 maturissimum
978 1099 1062 1164 idem
1095 1099 1164 1164 fere
1199 1103 1249 1164 est
1279 1103 1377 1185 atque

245 1220 358 1264 summa
375 1221 543 1279 poenarum
563 1207 733 1266 maturitas.
777 1203 817 1267 ef.
841 1201 921 1266 XIV
944 1209 1017 1280 6,4
1048 1204 1263 1279 tranquilliora
1283 1204 1377 1280 uitam

247 1303 309 1368 XV
335 1311 427 1381 lui
458 1307 533 1367 aaut
554 1325 659 1367 veruo:
693 1303 771 1368 XIX
797 1312 890 1383 10,4
920 1307 1024 1366 hiemis
1055 1307 1230 1383 duumuirum
1265 1302 1377 1368 XXIV

250 1416 276 1485 1,
297 1416 315 1473 2
333 1428 390 1486 per
407 1410 505 1483 praua
520 1426 689 1484 camporum
706 1414 732 1468 ct
748 1411 869 1485 mciiia;
892 1405 1003 1470 XXIV
1021 1414 1051 1485 4,
1071 1415 1090 1475 8
1108 1409 1376 1479 cinerariorum

246 1508 357 1574 XXVI
388 1516 416 1587 7,
442 1517 456 1574 l
486 1513 645 1586 pacatiora
674 1513 768 1586 uitac;
804 1508 915 1573 XXIX
945 1517 974 1587 6,
1006 1517 1045 1576 16
1073 1512 1218 1572 siluarum
1248 1513 1377 1582 occuIta2·

248 1609 358 1674 XXXI
379 1617 407 1692 2,
423 1620 461 1679 15
485 1617 573 1690 ioupa
595 1620 761 1684 terrarum;
785 1611 897 1676 XXXI
916 1621 944 1691 9,
962 1620 980 1678 2
1002 1614 1146 1674 moutium
1167 1615 1254 1676 celsa.
1290 1611 1379 1678 Dicit

246 1719 353 1776 autem
376 1714 515 1798 scriptor
537 1735 634 1798 aegre
652 1714 765 1778 tulisse
784 1713 957 1780 Valentem
976 1713 1062 1798 quod
1078 1735 1202 1797 poenae
1216 1718 1286 1777 tum
1304 1735 1377 1779 eum

247 1816 386 1879 maxime
418 1817 565 1900 vigerent
592 1839 816 1901 summumque
842 1816 1026 1881 acerbitatis
1049 1815 1185 1902 gradum
1207 1816 1377 1881 adsecutae

248 1921 353 1982 essent
376 1919 431 2002 (cf.
455 1919 545 1983 Ovid.
570 1918 667 1995 Trist.
690 1917 723 1983 II
748 1926 807 1987 123
831 1942 878 2004 sq.
910 1920 1045 1983 simodo
1073 1921 1147 1981 laesi
1168 1922 1377 1982 Eumtmucrit

250 2021 388 2085 Caesaris
405 2026 476 2100 ira),
489 2020 594 2086 morte
617 2021 831 2086 cruciatorum
849 2023 1027 2086 finirentur.
1060 2020 1204 2097 Quacum
1217 2020 1377 2086 sententia

246 2123 386 2188 conferri
416 2127 523 2206 potest
546 2121 625 2187 XXI
651 2131 699 2202 16,
724 2131 759 2200 6,
793 2123 847 2187 ubi
871 2124 909 2188 de
932 2121 1119 2188 Constantio
1141 2121 1279 2208 legimus
1300 2142 1377 2185 mor·

245 2227 361 2309 666661)
393 2229 510 2304 ioupius
538 2231 573 2288 iu
598 2229 762 2303 puniendis
792 2227 971 2302 quibasdam
1003 2228 1030 2286 si
1059 2231 1172 2288 actura
1197 2228 1378 2304 permitteret

245 2331 407 2390 coactatur
432 2331 557 2391 anteacti.

331 2535 421 2602 XXIX
445 2540 474 2612 2,
499 2539 548 2600 24.
600 2536 645 2595 Et
666 2551 845 2610 quamquam
866 2535 927 2596 siut
953 2536 1048 2595 aurita
1078 2538 1105 2594 ct
1124 2536 1213 2595 uaria
1241 2553 1318 2610 auae
1343 2541 1378 2597 ut

245 2640 337 2698 leuius
366 2639 603 2714 iuterpretatur,
633 2639 690 2714 epit
719 2639 894 2713 asperrime,
918 2653 1021 2712 pauca
1042 2639 1140 2698 cauea
1161 2636 1222 2697 iici
1243 2638 1378 2714 sufficia.

245 2736 378 2824 Corrige
408 2760 527 2823 quaeso
557 2740 700 2801 leuius.
736 2737 777 2802 ef.
802 2737 866 2803 cic.
896 2759 927 2822 p.
956 2735 1081 2802 Muren.
1105 2744 1144 2805 31
1172 2740 1206 2800 iu
1233 2740 1378 2803 mitiorem

241 2847 357 2916 partem
378 2843 584 2918 imuuraaru
621 2837 723 2904 Tacit.
747 2838 787 2904 A.
810 2839 843 2904 II
866 2847 907 2908 30
929 2843 956 2902 si
978 2841 1096 2902 nuliius
1117 2841 1270 2917 acciperes.

330 3044 419 3112 xxix
441 3052 470 3122 3,
487 3051 516 3109 7.
556 3044 687 3121 Ouaque
714 3047 793 3108 uitii
821 3047 1006 3122 quaestioucs
1033 3047 1196 3122 reperirent
1222 3046 1376 3118 aarum,

245 3151 388 3211 manime
425 3149 578 3226 mapistris
617 3149 748 3224 equitum
789 3149 975 3211 auditoribus
1010 3149 1151 3224 princeps
1189 3153 1223 3210 ut
1258 3152 1378 3226 opereat

249 3252 409 3314 Claudium
429 3251 464 3311 66
486 3250 608 3310 cuiliruu
644 3251 704 3312 etc.
749 3247 785 3313 Si
819 3247 983 3333 exceperis
1018 3247 1116 3312 verba
1148 3269 1230 3332 quae
1265 3253 1377 3314 extant

245 3351 357 3417 XXXI
379 3361 409 3430 9,
424 3358 453 3430 3,
477 3350 533 3414 ubi
554 3354 685 3413 trausirc
703 3349 888 3414 iamdudum
905 3350 939 3414 iu
956 3354 1102 3413 trausicre
1119 3355 1300 3416 correctum
1317 3356 1376 3430 est,

245 3477 309 3522 uno
339 3452 495 3520 hocloco
520 3451 708 3517 Ammianus
739 3452 935 3518 infinitivum
965 3452 1156 3517 historicum
1177 3452 1233 3537 qui
1261 3453 1379 3520 dicitur

245 3578 415 3641 usurpasse
433 3554 569 3619 videtur.
607 3553 868 3640 Kallenbergius‚
892 3554 949 3640 qui
971 3553 1150 3619 accuratius
1172 3553 1207 3618 in
1224 3553 1377 3620 infinitivi

246 3659 330 3742 apud
344 3658 550 3723 Ammianum
568 3680 661 3722 usum
684 3657 861 3742 inquisivit,
880 3656 960 3721 illud
982 3656 1134 3722 infinitivi
1156 3677 1259 3742 genus
1280 3654 1376 3740 plane

333 3831 352 3897 ¹)
369 3829 450 3884 Hanc
467 3830 618 3885 lectionem
637 3829 682 3895 Vr,
700 3845 758 3883 non
776 3827 1003 3898 dittographiam
1021 3827 1051 3882 in
1069 3828 1085 3896 ᾖ
1104 3830 1119 3884 'i
1139 3829 1285 3884 extantem
1303 3843 1377 3882 mor·

245 3926 349 3986 temque
368 3914 590 3984 Eyssenhardtio
617 3917 647 3968 et
665 3913 881 3969 Gardthauseno
908 3912 1102 3986 recipiendam
1127 3911 1211 3968 fuisse
1236 3910 1377 3981 exipsius

246 4019 332 4072 quem
350 3999 434 4056 modo
452 3999 638 4054 tractavimus
658 3999 714 4055 loci
731 3998 874 4055 sententia
891 4016 977 4068 quern
993 3997 1118 4055 maxirne
1131 3996 1312 4069 perspicuum
1327 3999 1378 4056 ert·

246 4087 356 4142 exuuii
372 4088 416 4140 est
432 4084 525 4140 forma
541 4084 681 4150 medialis,
701 4101 774 4154 quae
792 4083 904 4138 dieitur.
