3308 4934
667 403 855 462 ..5-

201 605 338 668 quouam
365 585 572 650 fundamento
596 588 849 653 emendationem
873 584 1034 650 Ammiani
1067 585 1228 650 conditam
1256 609 1324 650 esse

200 686 304 752 velim.

283 788 321 855 In
356 791 462 855 verbis
499 791 661 856 Ammiani
700 795 786 857 recte
827 791 1056 858 constituendis
1093 789 1213 855 nullius
1250 790 1325 855 libri

200 894 356 958 ratIonam
377 893 554 958 habendam
579 913 647 981 esse
670 893 731 958 uisi
753 898 786 958 et
803 893 921 959 codicis
940 892 1087 958 Vaticani
1107 892 1164 977 (V)
1191 915 1324 958 numero

202 1003 282 1065 1873
306 997 461 1083 insigniti,
475 995 531 1080 qui
550 995 628 1060 olim
647 999 715 1060 erat
732 995 919 1061 monasterii
932 995 1109 1075 Fuldensis,
1126 999 1158 1060 et
1176 995 1324 1060 editionis

202 1120 286 1163 anuo
307 1123 338 1183 p.
362 1097 436 1164 chr.
459 1121 489 1162 n.
516 1105 597 1166 1533
622 1119 641 1161 a
663 1097 866 1183 Sigismuudo
886 1095 1018 1162 Gelenio
1041 1103 1245 1182 comparatae
1260 1097 1324 1161 iam

201 1199 362 1285 Hauptius
376 1202 399 1287 ¹)
423 1200 657 1266 animadvertit.
692 1201 738 1266 De
757 1200 914 1267 Vaticano
937 1202 1035 1286 paulo
1053 1201 1187 1266 inferius
1206 1201 1324 1283 dioam;

201 1304 285 1388 quod
306 1305 346 1369 ad
368 1291 493 1369 Gelenii
516 1305 687 1370 editionem
711 1303 765 1389 (G)
792 1306 924 1384 attinet,
955 1325 995 1370 ex
1025 1305 1095 1389 ipsa
1124 1304 1324 1390 praefatione

202 1408 415 1492 comperimus
437 1430 529 1472 usum
552 1429 624 1472 eum
648 1429 715 1472 esse
734 1407 909 1492 exemplari
927 1408 1065 1492 quodam
1082 1411 1209 1473 vetusto
1227 1429 1324 1474 manu

199 1510 319 1596 scripte
354 1512 439 1596 quod
473 1511 725 1596 suppeditaverit
752 1512 782 1576 ei
809 1513 907 1576 abbas
930 1510 1176 1578 Hersfeldensis.
1222 1510 1324 1587 Quem

201 1615 343 1680 codicem
375 1613 634 1680 Hersfeldensem
657 1636 721 1698 quo
744 1615 888 1680 adiutum
924 1615 1028 1680 editor
1058 1636 1122 1679 non
1153 1613 1258 1680 solum
1291 1637 1324 1680 se

203 1715 323 1781 multos
340 1715 430 1784 locos
453 1717 626 1803 castigasse
653 1718 707 1782 aed
730 1719 827 1783 etiam
849 1718 980 1784 lacunas
1002 1717 1127 1802 aliquot
1145 1716 1324 1804 explevisse

202 1819 258 1897 ait,
281 1819 420 1904 exceptis
442 1842 496 1886 aex
521 1819 609 1885 foliis
626 1842 729 1904 nuper
746 1821 886 1886 inventis
903 1825 936 1886 et
953 1821 993 1888 ab
1010 1819 1151 1887 Henrico
1168 1819 1285 1885 Nissen
1295 1819 1323 1906 ²)

203 1921 295 1986 editis
325 1922 416 1987 nobis
443 1923 644 2008 deperditum
675 1945 743 1989 esse
774 1946 870 2008 quam
901 1925 1039 1989 maxime
1071 1924 1242 1989 dolendum
1265 1927 1323 1989 est.

201 2022 286 2088 Fieri
308 2025 392 2090 euim
414 2048 479 2090 non
501 2026 618 2110 potuit,
641 2026 720 2111 quin
742 2026 780 2091 de
802 2027 864 2092 tide
880 2026 1004 2094 Gelenii
1026 2031 1062 2092 ut
1083 2027 1117 2093 in
1135 2027 1207 2092 aliis
1228 2028 1325 2094 rebus

199 2128 245 2192 ita
279 2128 376 2193 etiam
411 2128 446 2194 iu
474 2128 639 2194 Ammiani
668 2129 774 2195 verbis
810 2131 1039 2196 constituendis
1067 2131 1108 2197 ab
1138 2130 1324 2196 hominibus

200 2230 302 2296 doctis
331 2230 385 2296 hic
415 2230 483 2296 illic
513 2232 722 2298 dubitaretur.
768 2234 875 2318 Atque
904 2256 943 2300 ex
971 2238 1063 2318 parte
1086 2234 1214 2320 quidem
1236 2239 1322 2302 recte

199 2332 379 2400 dubitatum
395 2338 453 2400 est.
488 2334 661 2402 Hominem
680 2336 764 2402 enim
783 2336 874 2402 illurn
890 2337 1132 2424 sagacissimum
1150 2337 1182 2402 in
1203 2338 1322 2404 mendo

200 2436 371 2503 Ammiano
401 2460 465 2503 non
496 2459 568 2504 eam
600 2438 782 2506 adhibuisse
813 2439 1033 2526 diligentiam,
1064 2461 1161 2526 quam
1188 2440 1323 2509 hodiea

199 2539 313 2624 quovis
335 2540 456 2606 editore
479 2541 728 2626 expostulamus,
744 2563 817 2608 oum
834 2543 899 2608 iarn
917 2547 1011 2609 autea
1029 2544 1185 2629 suspicari
1201 2545 1322 2626 liceret,

199 2646 268 2708 tum
298 2644 434 2728 repertis
465 2643 656 2730 fragmentis
685 2644 751 2710 illis
782 2644 1067 2732 Marburgensibus
1098 2646 1161 2732 (Μ)
1192 2670 1323 2733 prorsus

200 2748 322 2810 certum
344 2747 503 2812 redditum
525 2752 583 2813 est.
627 2746 712 2812 Nam
735 2747 873 2833 primum
905 2749 1033 2834 quidem
1059 2749 1145 2816 haud
1167 2773 1230 2816 uno
1251 2751 1322 2841 loco
1409 2817 1411 2824 ,

203 2848 302 2914 verba
323 2849 489 2915 intellectu
511 2849 666 2931 difficilia,
689 2873 771 2936 quae
794 2855 829 2916 ut
852 2856 963 2918 extant
983 2853 1018 2917 in
1039 2851 1086 2918 V⁰
1107 2853 1154 2918 ita
1175 2853 1271 2920 etiam
1289 2855 1322 2919 in

203 2949 423 3017 Hersfeldensi
447 2952 496 3018 vel
518 2955 593 3020 sunt
615 2953 917 3036 colluctantem
940 2957 1108 3022 emendare
1125 2978 1190 3022 non
1204 2961 1322 3042 posset,

201 3052 298 3138 plane
321 3052 437 3120 omisit.
481 3055 521 3121 cf.
544 3078 571 3122 e.
594 3079 642 3143 gr.

199 3291 312 3358 XXIII
337 3301 366 3373 6,
390 3302 432 3364 40
475 3316 513 3359 ea
534 3295 706 3374 ferebatur,
1117 3300 1281 3367 ferebatur

200 3395 346 3462 XXVIII
369 3405 399 3476 4,
424 3402 516 3464 aaut
538 3398 570 3464 id
591 3399 742 3486 inpleris
1163 3425 1225 3470 orn.

478 3523 554 3568 orae
589 3502 726 3570 faborem
761 3507 926 3589 operiente
957 3527 1017 3571 neo

478 3609 592 3689 puteos
609 3629 669 3672 neo
682 3606 770 3673 facili
785 3613 894 3692 potest
910 3609 1016 3696 aegri-

343 3713 346 3722 '
476 3710 552 3774 tudo
576 3713 692 3775 testam
722 3761 857 3779 .....
881 3713 1016 3778 comita-

478 3816 546 3877 tum
570 3817 620 3878 est
641 3812 876 3899 his‘quistuam

200 3966 403 3975 --.---.-

287 4047 306 4116 ¹)
325 4049 358 4105 cf.
378 4068 470 4121 opusc.
489 4053 516 4107 II
533 4073 560 4123 p.
578 4053 629 4109 374
647 4073 687 4125 sq.

284 4135 304 4200 ¹)
323 4135 468 4192 Ammiani
486 4137 643 4195 Marcellini
662 4141 823 4212 fragmenta
841 4142 1055 4216 Marburgensia
1078 4145 1168 4202 edidIt
1187 4147 1322 4204 Hearicus

201 4220 308 4276 Nissen.
344 4221 434 4280 Berol.
455 4223 528 4281 1876.
