3308 4934
648 346 858 404 -31..

195 536 335 623 flagitare
369 532 512 609 videtur,
545 550 618 592 cum
648 545 766 611 parum
796 523 967 589 verisimile
990 523 1033 587 sit
1054 522 1316 609 interpolatorem

198 639 340 724 aliquem,
364 637 401 700 de
424 655 488 718 quo
512 631 545 695 in
569 629 614 694 V⁰
637 629 769 694 omnino
791 627 912 706 dubito,
936 626 1019 690 hanc
1040 627 1178 692 formam
1199 627 1316 694 vitioso

197 743 337 808 subiecto
372 741 424 815 aui
459 735 691 800 accomodasse.
745 730 895 796 Fortasse
929 729 1063 814 pluralis
1094 731 1151 795 ille
1187 753 1245 798 nos
1279 756 1316 799 eo

195 846 290 923 ducit,
314 847 437 908 utnon
458 839 555 904 modo
577 859 676 900 unum
698 835 778 899 illud
800 837 968 920 aggestum
1000 835 1054 899 sed
1077 835 1222 900 incendio
1245 837 1317 902 inde

195 949 294 1014 etiam
324 945 361 1010 ad
390 947 498 1008 cetera
528 938 655 1025 perlato
686 939 763 1003 haec
794 957 921 1021 quoque
950 936 1087 1001 flammis
1118 937 1222 1003 deleta
1249 961 1317 1006 esse

199 1071 376 1125 sumamus;
408 1055 562 1130 quaeres
585 1043 659 1107 inde
682 1043 757 1107 satis
786 1042 822 1105 lit
844 1040 1041 1118 verisimilis,
1074 1041 1159 1124 quod
1182 1042 1319 1127 scriptor

204 1155 221 1237 ἓ
244 1161 281 1220 24
307 1153 533 1235 imperatorem
563 1147 678 1211 eodem
709 1167 837 1228 vespere
868 1144 923 1208 diu
951 1165 1058 1209 secum
1086 1154 1251 1228 reputasse
1274 1148 1319 1213 ait

204 1257 457 1340 perseveraretne
479 1251 512 1314 in
534 1249 701 1315 obsidione
722 1271 762 1312 an
783 1249 823 1311 ab
851 1269 888 1312 ea
915 1248 1097 1326 desisteret,
1130 1250 1215 1332 quod
1247 1272 1319 1315 eum

201 1359 358 1422 factumm
389 1354 487 1418 fuisse
519 1374 579 1416 uno
612 1355 739 1414 tantum
770 1370 888 1434 aggere
925 1351 1091 1416 combusto
1127 1373 1240 1435 parum
1273 1360 1321 1420 est

200 1460 362 1526 credibile.
387 1495 425 1506 -
450 1455 535 1531 Quae
557 1476 630 1518 oum
649 1453 696 1518 ite
717 1453 788 1530 sint,
808 1473 868 1537 ego
891 1473 966 1516 sane
989 1453 1120 1518 medelis
1143 1475 1219 1520 usus
1236 1457 1321 1522 haurd

200 1565 247 1628 ita
268 1562 395 1626 lenibus
417 1562 516 1623 totum
539 1557 646 1622 locum
670 1555 716 1619 sie
737 1555 862 1619 restitui
887 1555 980 1618 velim
1003 1606 1169 1624 ......
1192 1567 1321 1637 repentes

204 1668 322 1727 incurri
339 1682 453 1740 prunos
479 1665 567 1724 unius
596 1663 708 1738 appesti
729 1663 876 1722 inseruere
899 1662 1047 1721 iuuduris
1069 1665 1162 1723 ramis
1185 1667 1322 1726 arborum

210 1771 388 1829 diuersarum
414 1770 537 1828 etiunco
560 1770 587 1826 et
597 1766 760 1839 manipulis
774 1765 931 1823 constructi
945 1781 1108 1824 cannarum
1120 1766 1182 1839 <i
1189 1787 1208 1844 p
1217 1769 1322 1843 ui>

211 1891 283 1946 aue
309 1872 503 1948 correptis
533 1869 735 1944 incendiorum
764 1867 860 1926 aridis
894 1869 1081 1926 nutrimentis
1118 1871 1323 1945 <reliqna

208 1975 366 2047 et>iam
388 1975 594 2033 cremabantur
613 1973 755 2030 militabas
777 1988 841 2029 cum
864 1971 982 2030 intactis
1000 1974 1149 2031 tormentis
1171 1978 1220 2033 etc.

292 2160 355 2227 ΧΧΙ
381 2167 412 2237 1,
437 2166 464 2225 6.
509 2159 630 2221 daudet
661 2165 757 2220 autem
788 2159 1012 2233 incendebatque
1043 2161 1105 2220 eius
1136 2163 1324 2236 cupiditatem

127 2243 130 2250 ¹
207 2266 323 2338 pacatis
352 2265 411 2322 ium
443 2263 551 2324 Galliis
580 2265 721 2322 incessere
748 2263 826 2322 ultro
857 2262 1060 2323 Constantium
1088 2265 1231 2325 coniciens
1261 2283 1325 2325 euna

205 2383 265 2441 per
283 2367 461 2426 vaticinandi
476 2367 639 2442 praesepia
666 2367 760 2424 muita
791 2383 865 2439 picae
896 2367 1017 2425 callebat
1039 2371 1065 2425 et
1093 2368 1206 2426 somnio
1228 2386 1243 2426 e
1264 2368 1326 2428 cita

202 2469 340 2543 protinus
367 2487 556 2531 excessurum.
601 2465 629 2528 Ε
660 2466 810 2529 mendoso
841 2469 968 2538 aecidat,
1001 2489 1059 2550 pro
1093 2489 1156 2550 quo
1189 2469 1325 2532 editores

203 2569 432 2633 substituerunt
443 2572 592 2631 accidebat
603 2573 659 2631 aut
670 2571 826 2641 accedebat,
836 2569 1019 2654 Wagnerus
1029 2571 1050 2652 ¹)
1064 2575 1096 2633 et
1105 2569 1285 2655 Madvigius
1298 2571 1325 2656 ²)

203 2672 312 2756 potius
335 2673 456 2736 acuebat
475 2671 676 2736 efficiendum
697 2693 765 2734 esse
783 2671 1019 2737 intellexerunt.
1064 2672 1185 2737 Deinde
1203 2673 1327 2739 Madvi-

206 2776 277 2860 gius
306 2781 390 2840 recte
429 2774 656 2838 animadvertit
683 2775 831 2856 mendum
862 2777 973 2840 inesse
1004 2777 1038 2840 in
1069 2777 1226 2842 vocabulo
1257 2770 1328 2852 eins,

206 2899 308 2962 neque
337 2878 419 2940 enim
443 2875 593 2941 Julianus
617 2877 693 2954 eina,
717 2880 737 2939 i.
763 2899 788 2940 e.
812 2877 951 2956 Jnliani,
982 2879 1189 2964 cupiditatem
1218 2882 1328 2946 incen-

207 2980 291 3043 disse
313 2979 372 3043 dici
393 2982 511 3064 potest.
557 2977 648 3054 Quod
675 3001 750 3043 vero
779 3002 818 3045 ne
847 3004 938 3046 suam
967 2981 1094 3066 quidem
1122 2983 1328 3067 cupiditatem

205 3082 365 3146 hominem
397 3086 471 3168 apte
502 3081 669 3146 incendere
701 3082 762 3145 dici
794 3085 956 3148 contendit
987 3084 1084 3168 homo
1116 3086 1328 3166 doctissimus,

202 3187 435 3251 obvertendum
458 3187 487 3250 ei
510 3190 558 3249 est
580 3208 647 3249 rem
670 3185 732 3250 hoc
755 3185 826 3251 loco
857 3188 955 3272 paulo
986 3187 1081 3253 aliter
1113 3196 1330 3275 comparatam

201 3313 284 3356 esse.
336 3289 382 3355 Ut
412 3288 498 3352 enim
521 3289 705 3354 omittamus
728 3289 806 3353 illud
829 3296 901 3366 eius,
929 3291 1014 3378 quod
1042 3281 1188 3379 intellegi
1209 3295 1330 3378 nequit,

196 3417 266 3460 non
288 3391 479 3476 simpliciter
496 3389 645 3456 Julianus
669 3392 874 3476 cupiditatem
898 3416 987 3460 suam
1011 3394 1187 3461 incendisse
1206 3397 1330 3476 dicitur,

195 3499 257 3564 sed
279 3495 432 3560 Julianus
460 3493 620 3576 coniciens
643 3492 864 3560 Constantium
880 3518 970 3574 mox
993 3497 1099 3562 evita
1128 3521 1332 3565 excessurum

196 3623 284 3678 esse,
307 3599 327 3664 i.
347 3621 374 3661 e.
390 3596 484 3680 quod
498 3594 647 3661 Julianus
665 3595 888 3663 Constantium
906 3620 981 3663 mox
1005 3621 1021 3664 e
1044 3599 1110 3664 vita
1128 3625 1332 3668 excessurum

195 3725 273 3770 esse
297 3699 484 3765 coniciebat.
529 3697 641 3783 Itaque
664 3722 736 3765 cum
758 3689 907 3764 Julianus
924 3706 1071 3768 coniciens
1092 3703 1176 3768 idem
1200 3704 1267 3768 fere
1290 3704 1333 3768 sit

139 3887 142 3894 Ι
196 3811 302 3890 atque
325 3803 446 3866 Juliani
468 3805 648 3875 coniectura,
681 3803 785 3869 deleto
809 3802 866 3867 illo
895 3808 1160 3886 murmurasset,
1192 3806 1276 3892 quod
1299 3807 1333 3872 in

200 3976 411 3992 „....—--—

296 4061 315 4126 ¹)
333 4058 376 4113 ed.
394 4059 463 4112 tom.
481 4059 508 4112 Il
526 4077 552 4128 p.
570 4059 630 4114 394.

294 4148 315 4211 ²)
334 4144 442 4198 advers.
461 4145 522 4198 crit.
541 4145 580 4198 III
599 4164 626 4215 p.
643 4147 702 4201 259.
