3308 4934
522 371 863 448 '-2e-

197 575 270 634 κατὰ
292 571 416 632 πάντων
438 568 583 642 ἐξουσίαν.
607 569 642 631 όν
660 569 819 634 Ἀπόλλων
840 571 1011 652 φιλαλήθης
1041 569 1187 651 δεσπότης
1204 571 1320 656 χρόνων

197 680 245 737 καί
268 674 449 755 Ἥφαιστος
477 669 492 734 ό
523 671 582 734 τῶν
612 673 696 735 θεῶν
726 677 825 760 πατὴρ
857 683 1031 760 προέκρινεν
1061 673 1113 737 διὰ
1146 676 1196 736 τὸν
1211 670 1317 761 ”Αρεα.

193 781 336 862 βασιλεὺς
376 778 529 861 παγγαρῆς
561 774 671 839 Ἥλίου
713 785 786 854 παῖς
823 781 874 840 καί
905 776 964 841 abab
991 775 1101 840 Ἡλίου
1131 775 1316 859 φιλούμενος.

195 880 418 965 Praeceperim
447 879 648 944 scribendum
678 903 745 946 esse
769 880 947 965 δεδώρημσί
975 899 1039 943 σοι
1065 879 1172 964 κράτος
1194 884 1246 942 καὶ
1269 879 1320 958 τὴν

195 987 273 1049 κατὰ
306 985 420 1059 πάντας
452 986 529 1061 etc,
561 981 602 1047 cf.
634 983 712 1068 §18
744 983 923 1068 δεδώρημαί
948 1003 1123 1047 σοι
1146 982 1319 1066 βασιλεύειν

195 1092 230 1152 ct
254 1087 272 1171 ᾖ
296 1094 331 1154 21
357 1085 538 1171 δεδώρρμυί
564 1105 612 1148 σοι
745 1090 814 1171 βίον
845 1085 1040 1173 ἀπρόσκοπον
1062 1084 1104 1170 (G
1125 1084 1318 1170 ἆπρόςκορον,

199 1211 278 1256 corr.
308 1187 481 1273 Dindorf.).
526 1187 668 1254 Persona
697 1189 746 1254 cui
775 1189 890 1255 Helius
920 1211 953 1254 se
983 1189 1091 1276 κράτος
1120 1188 1140 1253 i.
1165 1209 1201 1260 e„
1221 1187 1319 1252 robur

198 1293 318 1358 dedisse
348 1293 435 1357 dicat
464 1291 643 1356 necessario
674 1290 855 1376 requiritur.
901 1290 1023 1357 Deinde
1050 1311 1122 1356 cum
1144 1287 1264 1376 Apollo
1287 1291 1320 1354 et

197 1396 363 1462 Ramestes
394 1395 479 1459 idem
511 1395 564 1474 sit,
597 1393 693 1458 facile
723 1394 942 1481 intellegimus
972 1415 1036 1460 non
1067 1414 1160 1480 posse
1192 1393 1255 1459 dici
1277 1392 1317 1457 ab

196 1499 349 1586 Apolline
389 1498 570 1563 Ramestem
607 1498 721 1562 ceteris
750 1498 930 1584 praelatum
972 1520 1049 1563 esse.
1101 1495 1214 1582 Itaque
1247 1511 1318 1561 cum

195 1602 431 1688 pronomen&
453 1623 515 1686 quo
537 1601 609 1667 loco
631 1601 751 1687 legitur
772 1602 850 1669 ferri
873 1623 937 1668 non
955 1601 1057 1688 possit
1075 1599 1202 1667 collatis
1215 1599 1252 1686 ἐξ
1270 1607 1318 1679 18,

200 1712 251 1782 20,
276 1710 327 1781 23,
350 1702 405 1768 ubi
426 1704 507 1768 idem
530 1703 651 1788 Apollo
674 1703 835 1788 praelatus
857 1704 1042 1771 nominatur
1069 1705 1109 1770 ab
1132 1703 1245 1782 Helio,
1274 1702 1320 1767 sic

199 1806 328 1871 initium
358 1807 377 1892 ὅ
407 1814 446 1874 22
468 1806 639 1893 legendum
662 1829 731 1872 esse
759 1808 913 1873 arbitror:
928 1808 1043 1886 Ἥλιος
1072 1811 1145 1884 θεὸς
1175 1806 1321 1886 δεσπότης

200 1910 324 1995 οὐρανοῦ
351 1908 502 1998 Ῥυμέστρ
530 1915 672 1993 βασιλεῖ·
695 1910 933 1998 δεδυόριγμαί
959 1931 1023 1976 σοι
1054 1909 1161 1995 κρότος
1196 1910 1321 1988 καλιὴν

198 2015 273 2076 κατὰ
304 2013 426 2077 πάντων
456 2015 602 2087 ἐξουσίαν.
646 2014 803 2078 Ἀπόλλων
833 1999 1020 2100 φιλαλήθης
1037 2013 1184 2095 δεσπότης
1205 2013 1321 2100 χρόνων

196 2118 240 2180 όν
256 2122 309 2179 καί
323 2118 504 2198 Ἥφαιστος
525 2115 541 2179 ό
563 2119 623 2180 τῶν
653 2118 737 2180 θεῶν
766 2119 865 2203 πατὴρ
892 2125 1048 2203 προέκρινε
1071 2115 1124 2180 διὰ
1148 2117 1198 2181 τόν
1211 2115 1318 2202 ’Ἄρεα

198 2259 237 2268 -
262 2218 496 2284 Difficultatem
525 2220 637 2286 deinde
665 2221 819 2305 praebent
840 2221 948 2286 ultimi
971 2221 1065 2287 stichi
1087 2221 1185 2288 verba
1206 2220 1320 2286 ultima

200 2323 232 2405 (ἓ
264 2322 318 2405 23)
347 2326 398 2383 καί
426 2321 441 2384 ό
467 2326 646 2406 παμφεγγίγς
675 2328 833 2409 συγκρίνας
863 2325 987 2388 αἰώνιον
1018 2329 1155 2410 βασιλέα.
1201 2323 1321 2412 Agitur

200 2424 261 2490 hoc
293 2421 418 2510 quoque
449 2426 521 2492 loco
552 2428 591 2492 de
623 2427 776 2512 Apolline
806 2427 880 2507 illo,
916 2428 972 2515 qui
1005 2429 1165 2514 quomodo
1196 2428 1321 2491 αἰώνιον

197 2531 326 2610 βασιλέα
348 2534 517 2613 συγκρίνειν
544 2529 566 2593 i.
590 2551 617 2594 e.
640 2530 835 2616 coniungere
856 2530 919 2596 dici
947 2532 1049 2616 possit
1070 2554 1135 2597 non
1156 2531 1319 2617 intellego.

197 2629 323 2697 Gollata
358 2653 435 2698 vero
470 2632 489 2716 ἓ
522 2639 580 2711 20,
617 2633 671 2698 ubi
705 2633 745 2698 (le
781 2633 932 2718 Apolline
963 2633 1114 2701 Rameste
1144 2635 1260 2700 dicitur
1289 2633 1321 2710 a

198 2736 344 2812 ἐφόλαξεν
363 2739 513 2816 Αἴγυπτον
544 2737 611 2812 τοὺς
639 2735 815 2813 ἀλλοεθνεῖς
843 2735 884 2822 (G
906 2739 956 2800 τοῦ
978 2735 1068 2801 cilico
1091 2740 1209 2816 ἔθνους,
1240 2757 1320 2802 corr.
1419 2811 1421 2815 Ι

200 2835 362 2924 Valesius)
403 2839 527 2917 νικήσας
563 2843 596 2902 et
632 2839 721 2904 brevi
760 2844 834 2905 ante
874 2837 908 2904 oi
944 2842 980 2904 τὰ
1020 2839 1126 2921 ἀγαθὰ
1161 2845 1191 2902 ἐν
1229 2843 1333 2902 παντί,

203 2939 340 3019 διαμένει
369 2943 464 3025 καιρῷ
494 2939 550 3026 (cf.
573 2941 669 3006 etiam
692 2941 730 3026 ἐξ
756 2949 794 3010 18
817 2939 850 3007 et
874 2943 928 3028 19)
958 2942 1003 3008 sic
1029 2941 1230 3008 scribendum
1252 2962 1320 3006 esse

202 3042 343 3107 arbitror
363 3042 378 3106 ό
400 3045 618 3128 παμρεγγίγς
639 3051 702 3108 καὶ
726 3051 923 3132 συγκρίνας
944 3046 1096 3109 αίιόνιον
1112 3048 1319 3129 βασιλείαν.

201 3184 245 3194 -·
257 3146 332 3212 Duo
355 3147 435 3212 addo
452 3147 580 3214 leviora.
614 3149 651 3214 In
669 3151 873 3238 paragrapho
893 3151 978 3216 enim
1007 3157 1047 3219 20
1065 3149 1110 3216 sic
1128 3151 1168 3215 ab
1184 3147 1321 3214 Herma·

198 3251 297 3336 piane
311 3251 465 3336 scriptum
479 3251 577 3318 fuisse
592 3254 705 3338 opinor
719 3248 743 3338 ᾧ
762 3257 791 3316 ot
813 3259 884 3318 θεοὶ
907 3256 983 3336 ζωῆς
995 3262 1062 3331 <π
1071 3255 1137 3317 alb
1147 3259 1204 3330 ν>
1217 3253 1323 3337 χρόνον

199 3353 387 3440 ἐδωρήσαντο
416 3359 448 3419 et
478 3356 589 3440 paucis
618 3356 763 3424 versibus
793 3357 928 3422 inferius
956 3351 982 3441 ᾧ
1010 3359 1103 3419 πολὺν
1120 3357 1226 3444 χρόνον
1248 3357 1323 3436 ζωῆς

200 3459 387 3543 ἐδωρήσαντο
408 3462 537 3538 <οί>
561 3465 638 3525 θεοί.
678 3461 821 3526 Priorem
843 3460 1073 3526 correctionem
1095 3457 1323 3546 flagitatsen·

201 3562 311 3641 tentia,
333 3562 543 3646 posteriorem
566 3565 767 3630 commendat
787 3564 805 3647 ἓ
824 3571 865 3633 20
888 3567 916 3627 οἱ
938 3568 1019 3642 θεοί,
1042 3563 1060 3648 ἕ
1084 3569 1123 3630 22
1147 3555 1207 3626 τῶν
1230 3563 1323 3642 θεῶν,

201 3665 220 3750 ᾗ
243 3671 281 3733 23
305 3669 333 3728 ol
356 3671 433 3730 θεοί.

285 3871 359 3941 ΧῚΙΙ
385 3880 433 3954 13,
461 3882 511 3942 23.
556 3872 676 3959 Agitur
697 3874 736 3938 de
759 3871 914 3938 Sarmatis
936 3872 1171 3959 Limigantibus
1194 3894 1214 3936 a
1239 3870 1323 3936 Gon·

200 3976 320 4042 stantio
350 3978 524 4062 superatis:
556 3979 668 4061 eluci
697 3977 824 4042 caimos
845 3979 984 4042 συιίλίσνο
1007 3976 1118 4059 potius
1140 3994 1234 4059 quum
1256 3973 1325 4057 copi

200 4081 302 4147 solum
323 4086 440 4146 uenere
457 4083 671 4164 putabantur,
695 4081 772 4145 dum
793 4081 934 4144 licentem
955 4079 1126 4145 amentiam
1151 4077 1325 4143 libertatem

201 4184 434 4264 ιυίαίνυσνσοε,
461 4204 578 4270 parere
608 4184 754 4270 imperiis
784 4188 813 4249 et
841 4182 929 4250 sedes
959 4180 1042 4251 alias
1071 4181 1229 4268 suscipere
1250 4183 1325 4246 suot
