3308 4934
825 352 1065 415 -1e-'

370 534 606 600 consarcinatae
632 531 791 609 salsitatis
825 534 997 618 adscripta.
1046 534 1110 600 Diu
1141 540 1274 604 conatus
1305 539 1492 626 intellegere

368 658 433 701 non
454 635 600 700 intellexi
622 635 698 720 quid
729 639 813 700 esset
833 638 1054 704 consarcinata
1068 637 1211 715 falsitas.
1254 639 1362 708 Velim
1383 648 1491 710 eutem

369 738 516 804 conferes
538 737 601 802 XV
625 748 653 817 t,
678 745 696 805 5
726 737 810 802 tnnc
827 741 951 815 fascem
979 741 1022 806 aol
1052 741 1222 808 artitrncm
1244 743 1390 828 fipnmnti
1409 766 1491 814 carn·

362 843 505 924 positum
534 840 695 925 pauloque
717 840 851 906 inferius
883 847 956 908 astu
978 843 1094 910 callc'eto
1115 848 1335 914 consarcinata
1356 851 1491 917 materia

369 947 401 1008 et
422 942 501 1010 XVI
526 952 554 1023 l,
577 952 595 1012 3
619 944 702 1025 quod
723 963 787 1008 nan
807 943 938 1033 falsitas
959 951 1076 1030 aryuta
1094 950 1263 1015 conmnnat
1285 950 1371 1034 (vide
1394 952 1488 1018 etiem

368 1044 445 1110 XIV
478 1053 507 1124 5,
531 1054 567 1124 6;
601 1042 680 1111 XIV
710 1055 739 1125 9,
764 1053 800 1124 23
837 1045 916 1112 XVI
939 1057 968 1128 8,
992 1049 1036 1134 4).
1081 1050 1239 1134 Equidem
1270 1053 1341 1118 luce
1373 1054 1489 1120 clarius

368 1170 436 1212 esse
458 1148 621 1232 putahac
644 1170 771 1234 quoque
793 1149 866 1215 loca
890 1151 1091 1216 scribendum
1112 1175 1180 1218 esse
1203 1157 1437 1236 animadvertit,
1455 1164 1491 1222 ut

360 1253 485 1333 factum
507 1257 560 1330 est,
577 1254 689 1334 priore
709 1257 796 1317 teratu
818 1253 1006 1336 interpolato
1028 1254 1117 1336 lance
1139 1257 1214 1337 alia,
1236 1280 1331 1342 qnam
1352 1259 1491 1325 dictarat

367 1353 528 1433 Silvanus,
551 1375 587 1419 en
608 1355 743 1421 libidine
765 1357 1069 1421 consarcinata
1084 1356 1246 1434 falsitatis
1268 1363 1437 1445 adscripta.

452 1542 500 1611 XV
531 1553 563 1620 5,
596 1553 646 1611 31.
696 1545 898 1625 Firmatoquc
931 1545 1038 1626 itaque
1071 1549 1192 1627 necatio
1221 1571 1284 1632 per
1315 1556 1484 1634 sequestres

366 1648 518 1730 quosdam
538 1648 701 1730 preparios
722 1646 908 1712 obscuritate
928 1647 1000 1729 ipsa
1023 1648 1123 1714 adid
1139 1655 1339 1731 patrandum
1361 1655 1487 1722 idoneos

365 1752 580 1832 praemiorum
602 1750 828 1832 exspectatione
849 1769 996 1815 accensus
1008 1749 1055 1834 (V
1068 1770 1220 1828 accensos,
1240 1775 1321 1820 carr.
1337 1757 1488 1842 Meyerus

367 1853 543 1938 Spirensis)
574 1853 649 1918 solis
683 1857 753 1918 ortu
783 1854 851 1917 iam
880 1854 977 1918 rutila
1006 1853 1129 1918 eutius
1158 1860 1352 1922 armatarum
1378 1861 1489 1941 platus

366 1959 470 2040 erupit
488 1962 588 2039 atque,
605 1961 640 2020 nt
661 1955 736 2021 solet
757 1960 791 2019 in
812 1955 921 2020 dubiis
937 1956 1029 2022 rebus
1047 1957 1221 2037 audentior,
1235 1960 1334 2024 caesis
1351 1963 1488 2042 eustodi-

367 2061 425 2124 dns
446 2062 536 2142 recia
552 2063 716 2137 penetrata
741 2057 909 2124 Silvanum
931 2064 1105 2125 extractum
1126 2061 1280 2141 aedicula,
1297 2082 1357 2144 qna
1378 2069 1487 2129 enani-

365 2170 469 2228 matns
491 2163 682 2244 confecerat,
695 2162 738 2228 ad
755 2161 1001 2227 conventiculum
1014 2164 1098 2228 ritus
1117 2163 1298 2230 Christiani
1314 2167 1488 2232 tendentem

366 2267 471 2332 densis
490 2266 672 2349 placitorum
687 2265 809 2341 ,ictibus
830 2267 1041 2331 trucidarunt.
1082 2265 1135 2331 Sic
1156 2266 1254 2352 vulgo
1276 2266 1406 2353 legitur.
1443 2270 1490 2333 At

366 2369 435 2433 fieri
466 2391 530 2433 non
560 2357 668 2453 potest
694 2371 730 2431 ut
752 2365 899 2432 Silvanus
922 2391 941 2432 a
962 2389 1058 2432 manu
1080 2367 1138 2432 illa
1160 2369 1304 2435 eedieula
1326 2373 1489 2435 extractus
1561 2351 1564 2362 ,

366 2473 404 2535 ed
441 2470 697 2537 conventiculum
727 2471 807 2535 ritus
843 2469 1015 2536 Christiani
1044 2472 1230 2552 tetenderit,
1271 2496 1373 2557 neque
1403 2473 1487 2537 enim

366 2574 517 2639 credibile
540 2577 588 2639 est
609 2574 728 2639 milites
751 2595 832 2651 eum,
857 2596 929 2638 cum
951 2573 1050 2638 semel
1073 2575 1245 2660 cepissent,
1274 2597 1383 2640 rursus
1405 2575 1487 2639 effu-

366 2699 442 2764 gere
476 2699 591 2761 pnssos
616 2699 693 2742 esse.
738 2675 841 2741 Immo
872 2700 923 2743 res
953 2700 985 2742 se
1008 2678 1053 2742 ita
1075 2679 1201 2745 videtur
1222 2678 1387 2743 habuisse:
1423 2675 1487 2742 Sil·

365 2802 465 2845 vanus
487 2781 525 2844 de
547 2781 732 2845 imminente
755 2781 897 2864 periculo
921 2782 1038 2847 certior
1055 2782 1158 2848 factus
1177 2784 1216 2848 ad
1231 2779 1488 2847 conventiculum

365 2885 445 2949 ritus
468 2882 641 2949 Christiani
663 2883 804 2968 effugere
828 2890 961 2950 conatus
984 2890 1041 2963 est,
1065 2887 1150 2970 quod
1174 2907 1245 2951 cum
1268 2884 1400 2969 edsequi
1421 2907 1489 2950 non

366 2991 474 3071 posset
505 2988 704 3052 exanimatus
734 3009 801 3052 sese
831 2988 865 3052 in
887 2988 1065 3054 aediculam
1086 2988 1176 3054 illam
1199 2989 1329 3054 abdidit.
1374 2985 1489 3074 Inque

366 3093 531 3168 Ammiani¹
562 3093 660 3158 verbe
695 3090 740 3157 sic
776 3093 972 3158 emendanda
1005 3097 1080 3158 sunt
1117 3093 1285 3159 Siluanum
1316 3097 1491 3158 extractum

367 3196 530 3271 aedicula,
562 3218 622 3280 qno
645 3197 843 3262 exanimatus
865 3201 1049 3281 confnperat
1075 3198 1118 3262 ad
1140 3195 1384 3262 conventiculam
1406 3198 1492 3262 ritus

371 3299 548 3366 Oloristiani
575 3302 770 3380 tendens,
799 3301 906 3365 densis
935 3301 1116 3385 pladiornm
1141 3299 1255 3364 ictibus
1276 3297 1492 3365 trucidarunt.

449 3489 499 3559 xv
530 3499 558 3568 5,
582 3498 633 3558 36.
678 3490 875 3573 Tantumque
905 3490 1009 3563 attuit
1039 3489 1173 3555 laudare
1203 3486 1363 3551 industrie
1394 3493 1492 3571 qesta,

356 3597 401 3684 nt
422 3594 517 3658 etiam
539 3593 695 3674 maedam
724 3593 871 3657 scriberet
899 3593 939 3656 de
971 3589 1151 3656 Gallicanis
1179 3591 1351 3672 intercepta
1378 3591 1492 3676 (inter-

365 3698 461 3780 ceptis
496 3693 645 3779 Meyerus
679 3693 850 3780 Spirensis)
882 3694 1054 3773 thesauris,
1093 3713 1170 3776 qnos
1204 3714 1294 3758 nemo
1324 3697 1492 3780 ausonae,-

365 3801 461 3883 idque
485 3801 624 3866 scrutari
651 3800 787 3865 iusserat
818 3800 936 3877 artius,
967 3799 1159 3880 interrapato
1181 3796 1327 3881 Remipio
1358 3821 1385 3864 e.
1410 3823 1441 3884 q.
1464 3823 1488 3864 s.

365 3901 573 3968 Scribendum
586 3902 664 3968 mihi
673 3901 841 3967 videbatur
852 3923 920 3967 csse
931 3901 1027 3984 idque
1037 3901 1175 3966 scrutari
1185 3902 1323 3968 iusserat
1333 3902 1452 3968 attins
1464 3903 1487 3986 ¹)

455 4076 473 4144 ¹)
490 4079 563 4131 altus
581 4079 610 4132 et
627 4083 707 4130 artus
724 4092 747 4130 e.
766 4092 807 4142 gr.
826 4074 913 4130 etiem
932 4073 1011 4128 XVII
1031 4073 1069 4139 12,
1088 4075 1103 4127 l
1122 4073 1193 4128 falso
1210 4074 1284 4130 inter
1308 4089 1336 4127 se
1363 4089 1489 4127 commu·

367 4164 428 4216 tate
445 4165 519 4216 sunt.
