3308 4934
769 319 978 379 ..36-

311 499 399 566 addit
429 498 511 568 alios
538 500 643 567 dicere
665 497 750 564 llum
773 521 883 586 regem
906 503 962 564 aut
979 498 1099 564 Midam
1120 499 1192 564 loco
1216 521 1333 564 nomen
1355 500 1438 566 indi·

311 603 403 683 disse,
427 625 523 688 quarn
546 603 587 669 ab
609 625 677 668 rem
700 603 731 667 id
754 603 875 668 lactum
893 603 934 666 sit
952 625 992 668 ne
1008 601 1249 687 verboquidam
1264 603 1437 689 attingens.

310 704 377 772 llus
400 727 463 791 qua
491 706 529 771 de
552 727 647 771 causa
669 706 782 771 urbem
805 706 894 771 illam
918 705 1142 772 Pessinuntem
1164 706 1345 772 nominasse
1368 729 1438 772 cre-

312 809 397 874 ditus
419 809 470 888 sit,
494 809 645 873 docemur
668 831 740 876 cum
762 808 834 874 aliis
856 808 1020 873 laniatum
1037 807 1245 873 historiarum
1261 809 1438 874 Herodiani

309 911 382 979 lior.
405 911 421 976 Ι
443 934 512 996 cap.
538 919 586 989 11,
610 911 665 976 ubi
687 911 767 976 haee
788 911 957 997 leguntur:
985 909 1027 986 ὥς
1050 912 1083 974 δὲ
1105 913 1291 999 παρ’ἑτέροις
1313 915 1439 999 εὕρομεν

303 1013 378 1097 Ἴλφ
409 1017 451 1097 τῷ
484 1019 582 1099 Φρυγὶ
615 1019 666 1078 xnl
701 1015 847 1096 Ταντάλῳ
879 1001 919 1096 τῷ
941 1014 1035 1096 Λυδῷ
1058 1016 1190 1094 πόλεμον
1212 1022 1277 1080 ἐκεῖ
1292 1023 1438 1097 γενέσθαι

310 1124 443 1197 λέγουσιν
466 1121 494 1181 al
511 1121 567 1198 μὲν
589 1123 661 1202 περὶ
673 1118 762 1202 ‘loon
780 1119 882 1202 (codd.
897 1117 988 1196 idaia,
1011 1139 1091 1183 corr.
1111 1118 1329 1205 Gasaubonus)
1353 1125 1382 1184 ot
1405 1123 1437 1186 di

295 1213 382 1305 περὶ
406 1221 455 1299 τῆς
478 1220 673 1300 Γανυμήδους
695 1219 855 1306 ἁρπαγῆς·
880 1222 1038 1306 ἰσοῤῥὸπου
1058 1221 1091 1284 δὲ
1113 1227 1164 1286 ἐπὶ
1183 1225 1257 1285 πολὺ
1276 1225 1326 1301 τῆς
1340 1225 1438 1308 μάχης

309 1330 465 1404 γενομένης
496 1329 687 1410 ἑκατέρωθεν
717 1333 821 1388 πεσεῖν
851 1327 970 1408 ἱκανοὺς
1000 1330 1052 1386 καὶ
1083 1327 1134 1404 τὴν
1162 1329 1321 1411 συμφορὰν
1343 1325 1436 1408 ὄνομα

314 1426 418 1493 δοῦναι
434 1428 475 1510 τῷ
491 1432 601 1511 χωρίῳ.
628 1426 698 1492 Mea
711 1426 811 1512 igitur
821 1426 978 1492 sententia
989 1427 1069 1492 haee
1079 1427 1179 1492 altera
1191 1450 1295 1506 oense,
1305 1436 1440 1515 propter

313 1552 410 1614 quam
430 1529 579 1595 Pessinos
601 1552 718 1598 nomen
741 1552 834 1594 suum
856 1534 913 1594 aut
934 1530 974 1594 ab
998 1529 1047 1595 llo
1065 1535 1120 1595 aut
1135 1553 1155 1595 a
1168 1530 1256 1596 Mida
1277 1534 1438 1618 accepisse
1487 1559 1490 1568 ¹

313 1633 497 1719 putabatur,
520 1634 553 1698 in
576 1633 740 1700 Ammiani
761 1634 852 1698 libris
876 1635 1009 1712 excidit3
1032 1636 1121 1701 cuius
1144 1637 1190 1701 rei
1213 1639 1320 1704 nescio
1341 1661 1381 1704 an
1404 1641 1438 1704 in

311 1737 389 1821 ipsis
426 1736 588 1802 codicibus
619 1736 715 1802 etiam
750 1759 834 1802 nune
866 1739 1012 1821 quamvis
1042 1737 1112 1803 leve
1144 1743 1232 1805 extet
1254 1742 1436 1827 vestigium,

311 1837 361 1905 lbi
393 1839 477 1904 enim
507 1843 582 1904 ante
610 1839 707 1904 verba
730 1843 823 1902 locnna
851 1844 895 1904 sic
916 1845 1082 1923 appellasse
1103 1841 1222 1928 legitur
1244 1844 1436 1908 vocabulum

308 1947 353 2006 nel
385 1943 471 2027 quod
502 1965 574 2010 cum
603 1962 667 2007 non
697 1941 919 2028 intellegeret,
952 1943 1103 2008 Gelenius
1133 1945 1248 2010 omisit.
1291 1945 1362 2030 Ego
1389 1947 1435 2009 sic

308 2045 375 2112 lere
397 2047 438 2112 ab
452 2045 623 2112 Ammiano
646 2045 802 2129 scripturn
824 2045 923 2112 fuisse
947 2047 1086 2112 arbitror
1107 2052 1163 2110 alii
1176 2051 1434 2110 annonantllnrn

313 2151 398 2211 Trois
425 2153 527 2227 filiani
555 2152 734 2214 Dardaniae
754 2170 849 2228 renen
883 2154 986 2212 tello
1022 2170 1102 2212 carn
1129 2155 1345 2228 <plurimi
1376 2155 1433 2212 ibi

307 2256 547 2316 cecidissent
581 2256 677 2318 inde
713 2257 884 2336 loanni>
917 2256 960 2314 sic
987 2258 1158 2330 appellasse.
1198 2255 1436 2318 Aberraverunt

307 2356 432 2424 librarii
454 2355 540 2424 oculi
562 2379 580 2420 a
602 2356 735 2440 syllabis
757 2361 783 2418 lo
806 2377 871 2420 enin
894 2356 934 2420 ad
956 2357 1147 2423 vocabulum
1169 2361 1270 2420 locam.

391 2555 472 2632 'xxn
506 2571 554 2643 11,
578 2571 607 2631 a.
658 2567 735 2626 nea
762 2569 859 2626 anien
886 2567 1004 2639 raanan
1027 2567 1144 2640 pann
1173 2567 1305 2626 emona
1333 2567 1438 2629 anilo

307 2670 459 2734 iadicanle
478 2671 637 2734 annona
650 2669 817 2730 Arteminm
833 2669 1036 2743 platanonis
1059 2671 1137 2729 elata
1152 2670 1263 2746 condio
1280 2671 1438 2744 insperato,

309 2773 426 2834 ecatus
453 2765 609 2834 torrendis
637 2773 811 2847 infrendens
832 2771 992 2847 Genyinnn
1015 2773 1090 2846 notit
1106 2777 1293 2854 'conternans
1314 2773 1438 2832 diuersis

309 2876 462 2938 nncandl
490 2877 644 2952 nonnitus
671 2877 824 2950 proterens
854 2878 880 2933 et
911 2875 1082 2934 conculcans
1110 2876 1285 2936 divaricatis
1302 2876 1437 2950 pedatae.

314 2975 443 3044 Ultimis
465 2976 573 3043 verbis
595 2975 767 3042 manifesto
790 2975 879 3040 deest
897 2975 1125 3059 praedicatum.
1160 2975 1212 3041 Sic
1230 2975 1298 3040 fere
1317 2996 1436 3059 quaeso

308 3079 439 3164 expleas
460 3086 655 3158 rapiamque.
678 3129 685 3144 .
709 3125 717 3141 .
738 3081 910 3141 concalcans
931 3081 1105 3142 unornane
1124 3097 1156 3146 <
1170 3081 1335 3156 conficit
1357 3077 1437 3161 (sive

305 3186 565 3262 ulianam>
584 3185 719 3260 pedibas.

390 3389 477 3460 xxn.
498 3397 547 3469 16,
563 3398 592 3458 3.
628 3393 669 3454 In
690 3391 927 3468 Anonstnrmloa
948 3392 1103 3453 Pelininna
1124 3395 1165 3451 est
1187 3389 1335 3464 oppidum,
1359 3389 1436 3462 qnod

306 3496 411 3559 Pclcns
432 3491 562 3558 Achillis
588 3501 678 3572 nater
706 3499 817 3558 dicitnr
846 3498 1014 3561 condidisse
1037 3496 1161 3557 lustrari
1183 3495 1303 3554 aenan
1323 3493 1438 3552 monitn

306 3599 407 3660 iassae
438 3600 472 3660 in
501 3600 583 3672 laen,
612 3603 665 3682 qni
694 3602 822 3662 eiusdem
852 3602 980 3662 civitatis
1002 3599 1100 3660 adlnit
1120 3598 1250 3668 moenia,
1286 3613 1351 3656 enin
1368 3600 1437 3671 nost

304 3702 491 3778 interfectam
512 3705 644 3779 fratrem
670 3706 787 3765 nomine
808 3705 940 3765 Ptocnn
967 3701 1121 3763 horrendis
1142 3701 1309 3762 Fnriarrnn
1329 3700 1436 3776 ineol-

189 3850 192 3856 .
305 3805 394 3866 adeas
426 3810 607 3882 rantarelnr.
664 3803 729 3869 Pro
767 3809 939 3882 raptaretur
978 3801 1180 3867 scribendum
1215 3823 1283 3866 esse
1308 3816 1434 3865 'censeo

304 3909 556 3984 aoitorelnr.
600 3905 771 3972 Neminem
803 3907 889 3971 enim
920 3928 1062 3992 unquam
1093 3905 1264 3971 scelestum
1287 3927 1307 3970 a
1328 3901 1435 3968 Furiis

216 4069 220 4080 ,
306 4007 470 4094 raptatum
489 4031 556 4076 esse
575 4008 692 4090 audivi,
710 4010 809 4076 immo
826 4032 880 4076 eos
894 4009 1041 4095 Ἐρινύων
1059 4009 1152 4090 δεῖμα
1170 4009 1309 4092 ἐκβάλλει
1323 4006 1436 4091 χθονός
1537 4050 1540 4056 -

306 4110 430 4196 (Eurip.
465 4110 536 4197 lph.
569 4109 605 4178 Τ.
643 4120 701 4180 931
739 4111 919 4180 Kirehhoff.
952 4113 999 4178 ed.
1035 4113 1125 4199 min.)
1161 4118 1194 4178 et
1228 4109 1435 4196 μετμὸρομαῖς
