3308 4934
695 329 906 391 „59-

211 549 214 556 =
238 508 350 596 (vulgo
381 529 474 587 puae·
506 521 533 574 et
555 531 616 587 qua
637 509 677 574 V¹
697 510 750 575 hio
771 509 947 574 deficientis
970 507 1177 593 aprographs
1198 505 1313 572 Italian
1335 510 1368 571 et

238 612 425 696 Accurrius)
461 623 625 690 temporum
653 616 750 676 rabia
781 616 860 676 uelut
891 621 996 676 aurata
1027 613 1172 675 aientibus
1194 611 1300 672 Furiis
1328 611 1369 671 ad

237 719 370 794 repums
383 733 496 791 qnoque
509 718 665 794 bopiupuus
673 718 865 794 proprediens
882 718 941 778 tate
954 717 1096 791 serpebat.
1113 716 1250 779 etenim
1264 711 1367 795 (codd.

238 829 266 882 et
287 822 366 889 iarn;
400 820 490 880 utun
510 816 660 902 Meyerus
682 816 854 902 Spirensis)
877 819 1125 889 Lentienses,
1152 817 1369 879 Alamannians

234 924 364 998 populus
381 922 524 983 tractibus
537 923 715 984 Raetiarum
732 923 862 998 confinis,
876 939 932 997 per
942 921 1072 996 fallaces
1085 921 1240 982 discursus
1256 920 1369 982 bubata

231 1025 353 1100 foedere
374 1024 487 1084 dudua
519 1032 652 1100 eonapto
674 1017 838 1087 eonibentia
870 1028 972 1086 nostra
1003 1026 1242 1099 temptabant
1265 1020 1368 1105 (codd.

238 1127 409 1190 Lentiensis
432 1171 438 1185 .
461 1171 468 1185 .
491 1170 498 1184 .
522 1171 530 1185 .
553 1128 720 1202 raptabat,
743 1129 777 1190 at
800 1125 840 1191 of.
863 1121 927 1190 XV
949 1131 1033 1204 4,1;
1056 1122 1150 1188 XXX
1176 1130 1225 1202 10,
1249 1130 1287 1200 43
1312 1129 1368 1200 123

242 1233 300 1305 17;
323 1225 435 1292 xxxl
459 1234 509 1307 12,
536 1227 575 1311 1).

325 1433 413 1501 ΧΧΧΙ
440 1440 488 1512 10,
514 1440 562 1500 15.
607 1435 715 1494 Multis
742 1442 777 1495 ut
797 1435 831 1493 in
853 1433 909 1495 tali
930 1435 1045 1509 nepotio
1066 1434 1195 1494 variatis
1216 1431 1370 1493 sententiis

238 1539 330 1598 otioso
347 1536 443 1600 rniiite
464 1538 685 1597 eireuuurattari
702 1538 821 1611 placuit
839 1535 895 1618 (so.
916 1532 1084 1617 Gratiano)
1106 1536 1248 1596 barbaros
1268 1535 1371 1594 inedia

231 1642 390 1715 satipatos,
422 1642 495 1714 quia
525 1640 653 1699 betunen
678 1639 843 1714 iniquitate
863 1639 1102 1714 defendebantur.
1145 1634 1371 1699 Emendandus

241 1743 291 1804 est
313 1761 403 1804 error
425 1741 481 1824 qui
503 1761 568 1804 non
591 1738 691 1802 semel
712 1739 746 1802 in
768 1736 815 1802 V⁰
833 1738 980 1804 occurrit.
1013 1737 1202 1803 Gratianum
1224 1738 1310 1803 enim
1333 1760 1371 1802 ea

239 1843 278 1906 de
300 1863 334 1906 re
359 1841 521 1922 barbaros,
545 1863 625 1926 quos
648 1842 680 1905 ri
703 1841 854 1906 sturmis
878 1863 917 1906 ex
939 1842 1085 1925 abruptis
1108 1841 1245 1907 collibus
1268 1841 1370 1905 eicere

239 1965 304 2008 non
335 1948 504 2028 potuerat,
537 1943 780 2008 circumvallare
803 1943 1007 2008 constituisse
1029 1948 1066 2008 ut
1087 1943 1194 2008 inedia
1216 1965 1271 2009 eos
1292 1943 1370 2007 fati-

240 2050 342 2132 garet,
365 2046 400 2111 in
422 2045 596 2131 propatulo
620 2051 677 2110 est.
721 2044 835 2129 Itaque
865 2067 998 2129 prorsus
1020 2049 1143 2111 eertum
1165 2050 1246 2131 puto
1269 2045 1370 2129 serip-

240 2149 318 2213 sisse
347 2148 555 2212 Ammianum
585 2151 807 2211 eireuninabiari
833 2152 952 2224 placuit
979 2151 1121 2210 barbaros
1142 2151 1245 2210 urediu
1260 2151 1371 2226 sati-

238 2254 404 2329 pandos,
428 2254 501 2328 quia
516 2255 642 2313 booorunt
660 2253 824 2328 iniquitate
841 2253 1078 2328 defendebantur,
1092 2250 1139 2314 ita
1152 2253 1189 2313 ut
1198 2249 1372 2334 postremis

241 2352 348 2417 verbis
379 2353 582 2418 contineatur
604 2375 716 2432 eausa,
750 2374 806 2416 our
828 2353 933 2418 inedia
955 2352 1115 2438 fatigandi
1137 2352 1198 2416 visi
1220 2351 1293 2417 sint.
1330 2351 1371 2415 oi.

241 2453 338 2519 XVII
361 2463 390 2534 7,
408 2463 426 2523 6
450 2460 591 2532 quasdam
613 2460 764 2518 domuum
785 2460 932 2518 turbinata
946 2459 1081 2535 sastipe'u
1097 2458 1276 2519 intrinsecus
1293 2472 1372 2516 seru·

240 2561 312 2619 bant
325 2557 349 2637 ¹)
371 2560 506 2630 intactos,
528 2577 637 2636 uapore
659 2567 687 2621 et
707 2561 811 2621 inedia
832 2561 1047 2622 consumendos.

325 2761 413 2829 ΧΧΧΙ
439 2767 488 2839 11,
513 2766 531 2825 2
554 2765 606 2838 qui
632 2761 689 2844 (so.
711 2762 855 2847 barbari)
881 2773 961 2826 notu
982 2767 1171 2841 uperatoris
1193 2781 1259 2824 etun
1280 2764 1374 2823 abun

241 2865 327 2926 danti
346 2867 441 2927 nuilite
465 2865 579 2942 eopnito
596 2868 795 2942 popularibus
816 2869 938 2944 iesaperu
958 2869 1120 2942 festinant.
1164 2861 1376 2930 scribendum

240 2968 289 3029 est
305 2970 506 3048 popularibus
528 2970 649 3044 iunpere
675 2983 795 3036 <se>
816 2971 980 3046 fatiebant,
1003 2988 1108 3051 neque
1131 2967 1218 3032 enim
1239 2983 1376 3048 usquam

240 3071 361 3146 usupare
381 3068 499 3133 dieitur
521 3090 580 3152 pro
603 3089 633 3131 se
654 3072 783 3148 iunpere.

326 3273 414 3343 ΧΧΧΙ
441 3281 489 3352 ll,
513 3280 542 3339 4.
590 3271 809 3359 (Serenianus)
841 3283 941 3338 seeuta
969 3277 1032 3338 beree
1060 3278 1173 3352 inipetu
1194 3273 1377 3336 etudattuo

240 3379 339 3453 erupit
364 3395 540 3457 vesperaque
563 3378 713 3439 incedente
723 3375 750 3459 ²)
778 3379 941 3441 Gothorum
961 3379 1141 3440 vastatorios
1163 3395 1268 3440 annas
1285 3390 1379 3451 prope

235 3481 348 3554 fiumen
369 3483 500 3544 Hebrum
527 3482 625 3542 subito
651 3481 729 3540 aises
753 3482 912 3556 puuttsper
938 3490 1059 3556 opertus
1080 3482 1237 3557 apparebas
1259 3487 1287 3541 et
1307 3478 1380 3553 seu

241 3583 324 3642 teetis
355 3585 479 3644 obseura
510 3592 592 3645 noete
619 3585 771 3658 suspensis
797 3585 939 3660 passibas
967 3584 1133 3658 conpositos
1161 3580 1322 3659 adpressus
1339 3586 1381 3640 est

240 3685 368 3758 adeoque
392 3686 572 3760 prostrauit,
604 3693 638 3747 ut
656 3691 778 3761 praeter
795 3702 925 3762 paneas,
949 3702 1022 3758 quas
1043 3694 1136 3746 nnete
1156 3684 1296 3746 velocitas
1318 3699 1381 3743 ene-

332 3853 350 3918 ¹)
368 3851 393 3903 V
411 3855 544 3921 serebant,
563 3870 632 3908 eorr.
651 3853 801 3924 Hauptius.

326 3939 349 4004 Ξ)
366 3938 411 3994 Ita
437 3941 513 3992 recto
533 3938 768 4008 Eyssenhardtius
793 3956 846 4011 pro
870 3943 1045 4005 incendente,
1075 3951 1253 4004 quamquam
1269 3953 1384 4006 uespera

240 4025 385 4078 intendens
416 4023 446 4077 in
474 4021 515 4076 V⁰
543 4023 631 4079 etiam
662 4025 714 4080 XX
748 4026 787 4093 ll,
806 4027 841 4081 24
872 4023 987 4093 legitur.
1035 4024 1070 4079 of.
1103 4020 1317 4077 Drakenborch.
1346 4021 1384 4074 od

240 4107 299 4161 biv.
318 4107 331 4160 I
348 4109 389 4176 57,
407 4108 432 4162 8.
