<?xml version="1.0" encoding="UTF-8"?>
<!DOCTYPE html PUBLIC "-//W3C//DTD XHTML 1.0 Transitional//EN"
    "http://www.w3.org/TR/xhtml1/DTD/xhtml1-transitional.dtd">
<html xmlns="http://www.w3.org/1999/xhtml" xml:lang="en" lang="en">
 <head>
  <title>
</title>
<meta http-equiv="Content-Type" content="text/html;charset=utf-8" />
  <meta name='ocr-system' content='tesseract 3.04.00' />
  <meta name='ocr-capabilities' content='ocr_page ocr_carea ocr_par ocr_line ocrx_word'/>
</head>
<body>
  <div class='ocr_page' id='page_1' title='image "./quaestionesammi00gngoog_0023.png"; bbox 0 0 3308 4934; ppageno 0'>
   <div class='ocr_carea' id='block_1_1' title="bbox 752 373 962 432">
    <p class='ocr_par' dir='ltr' id='par_1_1' title="bbox 752 373 962 432">
     <span class='ocr_line' id='line_1_1' title="bbox 752 373 962 432; baseline 0.01 -20"><span class='ocrx_word' id='word_1_1' title='bbox 752 373 962 432; x_wconf 79' lang='lat'>-14-</span> 
     </span>
    </p>
   </div>
   <div class='ocr_carea' id='block_1_2' title="bbox 254 541 1420 954">
    <p class='ocr_par' dir='ltr' id='par_1_2' title="bbox 254 541 1420 954">
     <span class='ocr_line' id='line_1_2' title="bbox 301 541 1420 638; baseline 0 -18"><span class='ocrx_word' id='word_1_2' title='bbox 301 576 368 620; x_wconf 90' lang='lat' dir='ltr'><strong>esse</strong></span> <span class='ocrx_word' id='word_1_3' title='bbox 391 553 445 619; x_wconf 87' lang='lat' dir='ltr'><strong>ait.</strong></span> <span class='ocrx_word' id='word_1_4' title='bbox 460 553 482 636; x_wconf 89' lang='grc' dir='ltr'><strong>ι)</strong></span> <span class='ocrx_word' id='word_1_5' title='bbox 525 551 559 618; x_wconf 86' lang='lat' dir='ltr'><strong>Si</strong></span> <span class='ocrx_word' id='word_1_6' title='bbox 581 552 680 638; x_wconf 79' lang='lat' dir='ltr'><strong>igitur</strong></span> <span class='ocrx_word' id='word_1_7' title='bbox 702 552 866 618; x_wconf 85' lang='lat' dir='ltr'><strong>Ammiani</strong></span> <span class='ocrx_word' id='word_1_8' title='bbox 888 552 985 618; x_wconf 89' lang='lat' dir='ltr'><strong>verba</strong></span> <span class='ocrx_word' id='word_1_9' title='bbox 1008 575 1042 618; x_wconf 86' lang='lat' dir='ltr'><strong>se</strong></span> <span class='ocrx_word' id='word_1_10' title='bbox 1064 556 1151 618; x_wconf 86' lang='lat' dir='ltr'><strong>recta</strong></span> <span class='ocrx_word' id='word_1_11' title='bbox 1169 541 1287 620; x_wconf 81' lang='lat' dir='ltr'><strong>habere</strong></span> <span class='ocrx_word' id='word_1_12' title='bbox 1310 554 1420 620; x_wconf 89' lang='lat' dir='ltr'><strong>existi·</strong></span> 
     </span>
     <span class='ocr_line' id='line_1_3' title="bbox 299 653 1420 744; baseline -0.002 -22"><span class='ocrx_word' id='word_1_13' title='bbox 299 679 435 735; x_wconf 80' lang='lat' dir='ltr'><strong>mamus,</strong></span> <span class='ocrx_word' id='word_1_14' title='bbox 466 660 550 722; x_wconf 88' lang='lat' dir='ltr'><strong>certe</strong></span> <span class='ocrx_word' id='word_1_15' title='bbox 574 655 711 738; x_wconf 88' lang='lat' dir='ltr'><strong>scriptor</strong></span> <span class='ocrx_word' id='word_1_16' title='bbox 733 653 854 739; x_wconf 84' lang='lat' dir='ltr'><strong>alioqui</strong></span> <span class='ocrx_word' id='word_1_17' title='bbox 882 665 1037 740; x_wconf 88' lang='lat' dir='ltr'><strong>quantum</strong></span> <span class='ocrx_word' id='word_1_18' title='bbox 1060 655 1177 720; x_wconf 90' lang='lat' dir='ltr'><strong>scimus</strong></span> <span class='ocrx_word' id='word_1_19' title='bbox 1198 656 1273 720; x_wconf 90' lang='lat' dir='ltr'><strong>fidei</strong></span> <span class='ocrx_word' id='word_1_20' title='bbox 1294 661 1420 744; x_wconf 89' lang='lat' dir='ltr'><strong>specta·</strong></span> 
     </span>
     <span class='ocr_line' id='line_1_4' title="bbox 300 757 1419 846; baseline -0.001 -21"><span class='ocrx_word' id='word_1_21' title='bbox 300 760 457 838; x_wconf 74' lang='lat' dir='ltr'><strong>tissime,</strong></span> <span class='ocrx_word' id='word_1_22' title='bbox 487 758 571 823; x_wconf 89' lang='lat' dir='ltr'><strong>haud</strong></span> <span class='ocrx_word' id='word_1_23' title='bbox 594 757 673 822; x_wconf 88' lang='lat' dir='ltr'><strong>levis</strong></span> <span class='ocrx_word' id='word_1_24' title='bbox 696 758 889 824; x_wconf 80' lang='lat' dir='ltr'><strong>accusandus</strong></span> <span class='ocrx_word' id='word_1_25' title='bbox 912 762 961 822; x_wconf 88' lang='lat' dir='ltr'><strong>est</strong></span> <span class='ocrx_word' id='word_1_26' title='bbox 982 762 1038 822; x_wconf 90' lang='lat' dir='ltr'><strong>aut</strong></span> <span class='ocrx_word' id='word_1_27' title='bbox 1063 758 1208 823; x_wconf 73' lang='lat' dir='ltr'><strong>inscitiae</strong></span> <span class='ocrx_word' id='word_1_28' title='bbox 1231 763 1287 824; x_wconf 93' lang='lat' dir='ltr'><strong>aut</strong></span> <span class='ocrx_word' id='word_1_29' title='bbox 1309 759 1419 846; x_wconf 82' lang='lat' dir='ltr'><strong>negle-</strong></span> 
     </span>
     <span class='ocr_line' id='line_1_5' title="bbox 254 861 1419 954; baseline -0.001 -27"><span class='ocrx_word' id='word_1_30' title='bbox 254 943 257 954; x_wconf 30' lang='grc' dir='ltr'>Ι</span> <span class='ocrx_word' id='word_1_31' title='bbox 298 863 446 949; x_wconf 81' lang='lat' dir='ltr'><strong>gantiae,</strong></span> <span class='ocrx_word' id='word_1_32' title='bbox 476 862 508 926; x_wconf 92' lang='lat' dir='ltr'><strong>id</strong></span> <span class='ocrx_word' id='word_1_33' title='bbox 530 861 616 945; x_wconf 93' lang='lat' dir='ltr'><strong>quod</strong></span> <span class='ocrx_word' id='word_1_34' title='bbox 638 861 826 945; x_wconf 88' lang='lat' dir='ltr'><strong>praesertim</strong></span> <span class='ocrx_word' id='word_1_35' title='bbox 849 883 921 926; x_wconf 91' lang='lat' dir='ltr'><strong>cum</strong></span> <span class='ocrx_word' id='word_1_36' title='bbox 950 865 1065 947; x_wconf 79' lang='lat' dir='ltr'><strong>agatur</strong></span> <span class='ocrx_word' id='word_1_37' title='bbox 1087 863 1125 926; x_wconf 91' lang='lat' dir='ltr'><strong>de</strong></span> <span class='ocrx_word' id='word_1_38' title='bbox 1148 861 1294 942; x_wconf 77' lang='lat' dir='ltr'><strong>duliam,</strong></span> <span class='ocrx_word' id='word_1_39' title='bbox 1323 884 1419 948; x_wconf 89' lang='lat' dir='ltr'><strong>quem</strong></span> 
     </span>
    </p>
   </div>
   <div class='ocr_carea' id='block_1_3' title="bbox 296 963 1420 1665">
    <p class='ocr_par' dir='ltr' id='par_1_3' title="bbox 296 963 1420 1665">
     <span class='ocr_line' id='line_1_6' title="bbox 299 963 1418 1051; baseline 0.001 -21"><span class='ocrx_word' id='word_1_40' title='bbox 299 987 395 1051; x_wconf 91' lang='lat' dir='ltr'><strong>quam</strong></span> <span class='ocrx_word' id='word_1_41' title='bbox 425 965 564 1030; x_wconf 84' lang='lat' dir='ltr'><strong>maxime</strong></span> <span class='ocrx_word' id='word_1_42' title='bbox 593 963 649 1028; x_wconf 90' lang='lat' dir='ltr'><strong>ille</strong></span> <span class='ocrx_word' id='word_1_43' title='bbox 680 967 867 1044; x_wconf 79' lang='lat' dir='ltr'><strong>veneratur,</strong></span> <span class='ocrx_word' id='word_1_44' title='bbox 897 964 982 1029; x_wconf 87' lang='lat' dir='ltr'><strong>haud</strong></span> <span class='ocrx_word' id='word_1_45' title='bbox 1008 964 1103 1030; x_wconf 87' lang='lat' dir='ltr'><strong>facile</strong></span> <span class='ocrx_word' id='word_1_46' title='bbox 1125 965 1295 1051; x_wconf 88' lang='lat' dir='ltr'><strong>quisquam</strong></span> <span class='ocrx_word' id='word_1_47' title='bbox 1317 967 1418 1031; x_wconf 90' lang='lat' dir='ltr'><strong>credi-</strong></span> 
     </span>
     <span class='ocr_line' id='line_1_7' title="bbox 298 1065 1420 1154; baseline 0.001 -20"><span class='ocrx_word' id='word_1_48' title='bbox 298 1071 388 1134; x_wconf 90' lang='lat' dir='ltr'><strong>derit.</strong></span> <span class='ocrx_word' id='word_1_49' title='bbox 411 1105 454 1115; x_wconf 91' lang='lat'><em>-</em></span> <span class='ocrx_word' id='word_1_50' title='bbox 476 1065 537 1132; x_wconf 82' lang='lat' dir='ltr'><strong>sed</strong></span> <span class='ocrx_word' id='word_1_51' title='bbox 568 1067 688 1132; x_wconf 84' lang='lat' dir='ltr'><strong>accedit</strong></span> <span class='ocrx_word' id='word_1_52' title='bbox 719 1065 806 1131; x_wconf 92' lang='lat' dir='ltr'><strong>eliud</strong></span> <span class='ocrx_word' id='word_1_53' title='bbox 827 1066 921 1151; x_wconf 90' lang='lat' dir='ltr'><strong>idque</strong></span> <span class='ocrx_word' id='word_1_54' title='bbox 944 1067 1047 1133; x_wconf 89' lang='lat' dir='ltr'><strong>multo</strong></span> <span class='ocrx_word' id='word_1_55' title='bbox 1070 1069 1168 1132; x_wconf 86' lang='lat' dir='ltr'><strong>etiam</strong></span> <span class='ocrx_word' id='word_1_56' title='bbox 1189 1069 1328 1154; x_wconf 82' lang='lat' dir='ltr'><strong>gravius.</strong></span> <span class='ocrx_word' id='word_1_57' title='bbox 1373 1069 1420 1136; x_wconf 87' lang='lat' dir='ltr'><strong>Ut</strong></span> 
     </span>
     <span class='ocr_line' id='line_1_8' title="bbox 297 1169 1419 1238; baseline 0.001 -1"><span class='ocrx_word' id='word_1_58' title='bbox 297 1173 394 1238; x_wconf 85' lang='lat' dir='ltr'><strong>verba</strong></span> <span class='ocrx_word' id='word_1_59' title='bbox 429 1174 540 1234; x_wconf 89' lang='lat' dir='ltr'><strong>extant</strong></span> <span class='ocrx_word' id='word_1_60' title='bbox 573 1169 743 1234; x_wconf 87' lang='lat' dir='ltr'><strong>Ammiano</strong></span> <span class='ocrx_word' id='word_1_61' title='bbox 779 1175 908 1234; x_wconf 88' lang='lat' dir='ltr'><strong>auctore</strong></span> <span class='ocrx_word' id='word_1_62' title='bbox 940 1169 1088 1236; x_wconf 89' lang='lat' dir='ltr'><strong>Julianus</strong></span> <span class='ocrx_word' id='word_1_63' title='bbox 1125 1171 1252 1237; x_wconf 79' lang='lat' dir='ltr'><strong>Gallum</strong></span> <span class='ocrx_word' id='word_1_64' title='bbox 1286 1172 1419 1238; x_wconf 87' lang='lat' dir='ltr'><strong>fratrem</strong></span> 
     </span>
     <span class='ocr_line' id='line_1_9' title="bbox 296 1272 1420 1361; baseline -0.001 -20"><span class='ocrx_word' id='word_1_65' title='bbox 296 1277 376 1341; x_wconf 89' lang='lat' dir='ltr'><strong>vidit</strong></span> <span class='ocrx_word' id='word_1_66' title='bbox 407 1279 624 1339; x_wconf 90' lang='lat' dir='ltr'><strong>transeuntem</strong></span> <span class='ocrx_word' id='word_1_67' title='bbox 653 1295 711 1357; x_wconf 90' lang='lat' dir='ltr'><strong>per</strong></span> <span class='ocrx_word' id='word_1_68' title='bbox 739 1272 1059 1358; x_wconf 70' lang='lat' dir='ltr'><strong>Constantinopolim.</strong></span> <span class='ocrx_word' id='word_1_69' title='bbox 1110 1274 1183 1340; x_wconf 92' lang='lat' dir='ltr'><strong>Hoc</strong></span> <span class='ocrx_word' id='word_1_70' title='bbox 1212 1276 1281 1340; x_wconf 81' lang='lat' dir='ltr'><strong>lieri</strong></span> <span class='ocrx_word' id='word_1_71' title='bbox 1312 1277 1420 1361; x_wconf 85' lang='lat' dir='ltr'><strong>potuit</strong></span> 
     </span>
     <span class='ocr_line' id='line_1_10' title="bbox 296 1375 1418 1464; baseline 0 -21"><span class='ocrx_word' id='word_1_72' title='bbox 296 1384 352 1443; x_wconf 88' lang='lat' dir='ltr'><strong>aut</strong></span> <span class='ocrx_word' id='word_1_73' title='bbox 383 1401 455 1442; x_wconf 89' lang='lat' dir='ltr'><strong>cum</strong></span> <span class='ocrx_word' id='word_1_74' title='bbox 485 1375 596 1441; x_wconf 81' lang='lat' dir='ltr'><strong>Gallus</strong></span> <span class='ocrx_word' id='word_1_75' title='bbox 629 1375 745 1442; x_wconf 78' lang='lat' dir='ltr'><strong>Cacsar</strong></span> <span class='ocrx_word' id='word_1_76' title='bbox 772 1375 877 1442; x_wconf 84' lang='lat' dir='ltr'><strong>factus</strong></span> <span class='ocrx_word' id='word_1_77' title='bbox 907 1377 1063 1442; x_wconf 84' lang='lat' dir='ltr'><strong>orientem</strong></span> <span class='ocrx_word' id='word_1_78' title='bbox 1091 1378 1224 1464; x_wconf 79' lang='lat' dir='ltr'><strong>petivit,</strong></span> <span class='ocrx_word' id='word_1_79' title='bbox 1261 1382 1316 1443; x_wconf 89' lang='lat' dir='ltr'><strong>aut</strong></span> <span class='ocrx_word' id='word_1_80' title='bbox 1346 1400 1418 1443; x_wconf 90' lang='lat' dir='ltr'><strong>cum</strong></span> 
     </span>
     <span class='ocr_line' id='line_1_11' title="bbox 296 1477 1417 1566; baseline 0.002 -21"><span class='ocrx_word' id='word_1_81' title='bbox 296 1483 431 1566; x_wconf 84' lang='lat' dir='ltr'><strong>urgente</strong></span> <span class='ocrx_word' id='word_1_82' title='bbox 471 1477 657 1543; x_wconf 77' lang='lat' dir='ltr'><strong>Constantio</strong></span> <span class='ocrx_word' id='word_1_83' title='bbox 697 1479 769 1543; x_wconf 88' lang='lat' dir='ltr'><strong>inde</strong></span> <span class='ocrx_word' id='word_1_84' title='bbox 809 1479 950 1543; x_wconf 89' lang='lat' dir='ltr'><strong>revertit.</strong></span> <span class='ocrx_word' id='word_1_85' title='bbox 1007 1478 1068 1544; x_wconf 83' lang='lat' dir='ltr'><strong>Sed</strong></span> <span class='ocrx_word' id='word_1_86' title='bbox 1106 1485 1255 1546; x_wconf 88' lang='lat' dir='ltr'><strong>neutrum</strong></span> <span class='ocrx_word' id='word_1_87' title='bbox 1294 1481 1417 1547; x_wconf 88' lang='lat' dir='ltr'><strong>accidit.</strong></span> 
     </span>
     <span class='ocr_line' id='line_1_12' title="bbox 296 1581 1417 1665; baseline 0.002 -18"><span class='ocrx_word' id='word_1_88' title='bbox 296 1583 462 1647; x_wconf 87' lang='lat' dir='ltr'><strong>Julianum</strong></span> <span class='ocrx_word' id='word_1_89' title='bbox 485 1581 569 1645; x_wconf 91' lang='lat' dir='ltr'><strong>enim</strong></span> <span class='ocrx_word' id='word_1_90' title='bbox 592 1603 663 1646; x_wconf 89' lang='lat' dir='ltr'><strong>oum</strong></span> <span class='ocrx_word' id='word_1_91' title='bbox 687 1582 842 1646; x_wconf 84' lang='lat' dir='ltr'><strong>orientem</strong></span> <span class='ocrx_word' id='word_1_92' title='bbox 866 1586 990 1665; x_wconf 86' lang='lat' dir='ltr'><strong>peteret</strong></span> <span class='ocrx_word' id='word_1_93' title='bbox 1012 1581 1122 1649; x_wconf 76' lang='lat' dir='ltr'><strong>Gallus</strong></span> <span class='ocrx_word' id='word_1_94' title='bbox 1148 1607 1214 1649; x_wconf 88' lang='lat' dir='ltr'><strong>non</strong></span> <span class='ocrx_word' id='word_1_95' title='bbox 1235 1582 1417 1650; x_wconf 77' lang='lat' dir='ltr'><strong>Constanti·</strong></span> 
     </span>
    </p>
   </div>
   <div class='ocr_carea' id='block_1_4' title="bbox 200 1684 1417 1774">
    <p class='ocr_par' dir='ltr' id='par_1_4' title="bbox 200 1684 1417 1774">
     <span class='ocr_line' id='line_1_13' title="bbox 200 1684 1417 1774; baseline 0.002 -24"><span class='ocrx_word' id='word_1_96' title='bbox 200 1767 204 1774; x_wconf 20' lang='grc' dir='ltr'><strong>Α</strong></span> <span class='ocrx_word' id='word_1_97' title='bbox 295 1687 406 1771; x_wconf 86' lang='lat' dir='ltr'><strong>napoli</strong></span> <span class='ocrx_word' id='word_1_98' title='bbox 429 1686 483 1750; x_wconf 88' lang='lat' dir='ltr'><strong>sed</strong></span> <span class='ocrx_word' id='word_1_99' title='bbox 505 1684 713 1750; x_wconf 80' lang='lat' dir='ltr'><strong>Nicomediae</strong></span> <span class='ocrx_word' id='word_1_100' title='bbox 737 1685 834 1750; x_wconf 85' lang='lat' dir='ltr'><strong>fuisse</strong></span> <span class='ocrx_word' id='word_1_101' title='bbox 857 1685 966 1770; x_wconf 84' lang='lat' dir='ltr'><strong>ibique</strong></span> <span class='ocrx_word' id='word_1_102' title='bbox 982 1686 1114 1751; x_wconf 90' lang='lat' dir='ltr'><strong>fratrem</strong></span> <span class='ocrx_word' id='word_1_103' title='bbox 1129 1687 1285 1752; x_wconf 89' lang='lat' dir='ltr'><strong>salutasse</strong></span> <span class='ocrx_word' id='word_1_104' title='bbox 1300 1688 1417 1763; x_wconf 91' lang='lat' dir='ltr'><strong>scimus</strong></span> 
     </span>
    </p>
   </div>
   <div class='ocr_carea' id='block_1_5' title="bbox 288 1787 1501 3627">
    <p class='ocr_par' dir='ltr' id='par_1_5' title="bbox 288 1787 1501 3421">
     <span class='ocr_line' id='line_1_14' title="bbox 296 1787 1417 1872; baseline 0.001 -19"><span class='ocrx_word' id='word_1_105' title='bbox 296 1813 335 1853; x_wconf 87' lang='lat' dir='ltr'><strong>ex</strong></span> <span class='ocrx_word' id='word_1_106' title='bbox 367 1788 493 1853; x_wconf 90' lang='lat' dir='ltr'><strong>Libanii</strong></span> <span class='ocrx_word' id='word_1_107' title='bbox 523 1788 663 1852; x_wconf 88' lang='lat' dir='ltr'><strong>eiusdem</strong></span> <span class='ocrx_word' id='word_1_108' title='bbox 694 1787 848 1872; x_wconf 89' lang='lat' dir='ltr'><strong>epitaphii</strong></span> <span class='ocrx_word' id='word_1_109' title='bbox 868 1787 945 1854; x_wconf 65' lang='lat' dir='ltr'><strong>tul.</strong></span> <span class='ocrx_word' id='word_1_110' title='bbox 974 1811 1006 1872; x_wconf 94' lang='lat' dir='ltr'><strong>p.</strong></span> <span class='ocrx_word' id='word_1_111' title='bbox 1040 1796 1100 1857; x_wconf 74' lang='lat'><strong>527</strong></span> <span class='ocrx_word' id='word_1_112' title='bbox 1132 1791 1179 1856; x_wconf 92' lang='lat' dir='ltr'><strong>ed.</strong></span> <span class='ocrx_word' id='word_1_113' title='bbox 1203 1789 1326 1871; x_wconf 63' lang='lat' dir='ltr'><strong>Reisk„</strong></span> <span class='ocrx_word' id='word_1_114' title='bbox 1362 1791 1417 1855; x_wconf 91' lang='lat' dir='ltr'><strong>ubi</strong></span> 
     </span>
     <span class='ocr_line' id='line_1_15' title="bbox 294 1890 1416 1980; baseline 0.001 -25"><span class='ocrx_word' id='word_1_115' title='bbox 294 1892 446 1976; x_wconf 81' lang='lat' dir='ltr'><strong>leguntur</strong></span> <span class='ocrx_word' id='word_1_116' title='bbox 468 1890 562 1955; x_wconf 89' lang='lat' dir='ltr'><strong>haec:</strong></span> <span class='ocrx_word' id='word_1_117' title='bbox 595 1895 658 1954; x_wconf 80' lang='lat' dir='ltr'><strong>Kal</strong></span> <span class='ocrx_word' id='word_1_118' title='bbox 685 1898 839 1971; x_wconf 78' lang='grc' dir='ltr'><em>πέμπεται</em></span> <span class='ocrx_word' id='word_1_119' title='bbox 863 1892 975 1968; x_wconf 82' lang='grc' dir='ltr'><strong><em>Γάλλος</em></strong></span> <span class='ocrx_word' id='word_1_120' title='bbox 998 1893 1030 1966; x_wconf 77' lang='grc' dir='ltr'><strong>ἐξ</strong></span> <span class='ocrx_word' id='word_1_121' title='bbox 1050 1893 1183 1969; x_wconf 79' lang='grc' dir='ltr'><strong><em>Ἰταλίας</em></strong></span> <span class='ocrx_word' id='word_1_122' title='bbox 1206 1895 1258 1978; x_wconf 70' lang='grc' dir='ltr'><strong>τῂν</strong></span> <span class='ocrx_word' id='word_1_123' title='bbox 1279 1896 1354 1980; x_wconf 84' lang='grc' dir='ltr'><em>πρὸς</em></span> <span class='ocrx_word' id='word_1_124' title='bbox 1376 1893 1416 1956; x_wconf 72' lang='grc' dir='ltr'><strong>ἕο)</strong></span> 
     </span>
     <span class='ocr_line' id='line_1_16' title="bbox 297 1993 1415 2081; baseline 0.004 -25"><span class='ocrx_word' id='word_1_125' title='bbox 297 1996 475 2080; x_wconf 70' lang='grc' dir='ltr'><em>φρουρήσων</em></span> <span class='ocrx_word' id='word_1_126' title='bbox 500 1993 588 2079; x_wconf 81' lang='lat' dir='ltr'><strong>(edit.</strong></span> <span class='ocrx_word' id='word_1_127' title='bbox 611 1993 718 2058; x_wconf 84' lang='lat' dir='ltr'><strong>Reisk.</strong></span> <span class='ocrx_word' id='word_1_128' title='bbox 743 1995 922 2079; x_wconf 70' lang='grc' dir='ltr'><em>φρουρῆσαι,</em></span> <span class='ocrx_word' id='word_1_129' title='bbox 941 1997 1079 2080; x_wconf 81' lang='lat' dir='ltr'><strong>correxi)</strong></span> <span class='ocrx_word' id='word_1_130' title='bbox 1103 2002 1154 2059; x_wconf 75' lang='lat' dir='ltr'><strong>aul</strong></span> <span class='ocrx_word' id='word_1_131' title='bbox 1173 1994 1248 2081; x_wconf 71' lang='grc' dir='ltr'><strong>ὅπερ</strong></span> <span class='ocrx_word' id='word_1_132' title='bbox 1271 1998 1312 2078; x_wconf 75' lang='grc' dir='ltr'><strong>τῷ</strong></span> <span class='ocrx_word' id='word_1_133' title='bbox 1331 1996 1415 2060; x_wconf 77' lang='grc' dir='ltr'><em>τοῦδε</em></span> 
     </span>
     <span class='ocr_line' id='line_1_17' title="bbox 294 2094 1414 2184; baseline 0.003 -24"><span class='ocrx_word' id='word_1_134' title='bbox 294 2105 389 2184; x_wconf 79' lang='grc' dir='ltr'><em>πατρὶ</em></span> <span class='ocrx_word' id='word_1_135' title='bbox 412 2099 556 2183; x_wconf 81' lang='grc' dir='ltr'><em>πρότερον</em></span> <span class='ocrx_word' id='word_1_136' title='bbox 579 2095 777 2181; x_wconf 72' lang='grc' dir='ltr'><strong>τοῦθ’ὖιτῆρχε</strong></span> <span class='ocrx_word' id='word_1_137' title='bbox 801 2103 853 2160; x_wconf 80' lang='grc' dir='ltr'><strong>καὶ</strong></span> <span class='ocrx_word' id='word_1_138' title='bbox 876 2098 952 2180; x_wconf 77' lang='grc' dir='ltr'><strong>τῷδε</strong></span> <span class='ocrx_word' id='word_1_139' title='bbox 982 2097 1148 2183; x_wconf 79' lang='grc' dir='ltr'><em>[βασιλέως</em></span> <span class='ocrx_word' id='word_1_140' title='bbox 1171 2094 1204 2179; x_wconf 68' lang='grc' dir='ltr'><strong>ἦν</strong></span> <span class='ocrx_word' id='word_1_141' title='bbox 1221 2099 1414 2184; x_wconf 56' lang='lat' dir='ltr'><strong>adeledam</strong></span> 
     </span>
     <span class='ocr_line' id='line_1_18' title="bbox 295 2195 1416 2288; baseline 0 -22"><span class='ocrx_word' id='word_1_142' title='bbox 295 2205 403 2276; x_wconf 77' lang='grc' dir='ltr'><em>ἐκεῖνος</em></span> <span class='ocrx_word' id='word_1_143' title='bbox 424 2206 479 2282; x_wconf 76' lang='grc' dir='ltr'><strong>μὲν</strong></span> <span class='ocrx_word' id='word_1_144' title='bbox 501 2195 551 2262; x_wconf 74' lang='lat' dir='ltr'><strong>orie</strong></span> <span class='ocrx_word' id='word_1_145' title='bbox 573 2204 625 2262; x_wconf 76' lang='lat' dir='ltr'><strong>nul</strong></span> <span class='ocrx_word' id='word_1_146' title='bbox 648 2199 700 2261; x_wconf 78' lang='grc' dir='ltr'><strong>διὰ</strong></span> <span class='ocrx_word' id='word_1_147' title='bbox 725 2201 774 2278; x_wconf 77' lang='grc' dir='ltr'><strong>τῆς</strong></span> <span class='ocrx_word' id='word_1_148' title='bbox 794 2204 949 2276; x_wconf 72' lang='grc' dir='ltr'><em>Βιθυνίας</em></span> <span class='ocrx_word' id='word_1_149' title='bbox 967 2201 1221 2287; x_wconf 78' lang='grc' dir='ltr'><em>δορυφορούμενος</em></span> <span class='ocrx_word' id='word_1_150' title='bbox 1241 2204 1345 2288; x_wconf 76' lang='grc' dir='ltr'><em>ἐχώρει</em></span> <span class='ocrx_word' id='word_1_151' title='bbox 1364 2210 1416 2266; x_wconf 78' lang='grc' dir='ltr'><strong>καὶ</strong></span> 
     </span>
     <span class='ocr_line' id='line_1_19' title="bbox 294 2298 1414 2391; baseline 0.002 -22"><span class='ocrx_word' id='word_1_152' title='bbox 294 2298 376 2371; x_wconf 70' lang='grc' dir='ltr'><em>εἶδον</em></span> <span class='ocrx_word' id='word_1_153' title='bbox 402 2304 536 2384; x_wconf 72' lang='grc' dir='ltr'><strong>ἀλλήλω.Ι</strong></span> <span class='ocrx_word' id='word_1_154' title='bbox 562 2340 603 2349; x_wconf 92' lang='grc'>-</span> <span class='ocrx_word' id='word_1_155' title='bbox 635 2301 756 2366; x_wconf 89' lang='lat' dir='ltr'><strong>Deinde</strong></span> <span class='ocrx_word' id='word_1_156' title='bbox 778 2325 818 2367; x_wconf 91' lang='lat' dir='ltr'><strong>ne</strong></span> <span class='ocrx_word' id='word_1_157' title='bbox 841 2310 973 2388; x_wconf 85' lang='lat' dir='ltr'><strong>propter</strong></span> <span class='ocrx_word' id='word_1_158' title='bbox 1004 2320 1041 2368; x_wconf 89' lang='lat' dir='ltr'><strong>ea</strong></span> <span class='ocrx_word' id='word_1_159' title='bbox 1064 2306 1191 2389; x_wconf 88' lang='lat' dir='ltr'><strong>quidem</strong></span> <span class='ocrx_word' id='word_1_160' title='bbox 1213 2307 1311 2371; x_wconf 85' lang='lat' dir='ltr'><strong>verba</strong></span> <span class='ocrx_word' id='word_1_161' title='bbox 1333 2329 1414 2391; x_wconf 89' lang='lat' dir='ltr'><strong>quae</strong></span> 
     </span>
     <span class='ocr_line' id='line_1_20' title="bbox 293 2406 1416 2495; baseline 0.001 -21"><span class='ocrx_word' id='word_1_162' title='bbox 293 2411 363 2495; x_wconf 90' lang='lat' dir='ltr'><strong>ipso</strong></span> <span class='ocrx_word' id='word_1_163' title='bbox 392 2407 455 2473; x_wconf 88' lang='lat' dir='ltr'><strong>hoc</strong></span> <span class='ocrx_word' id='word_1_164' title='bbox 486 2406 558 2471; x_wconf 92' lang='lat' dir='ltr'><strong>loco</strong></span> <span class='ocrx_word' id='word_1_165' title='bbox 587 2427 683 2490; x_wconf 87' lang='lat' dir='ltr'><strong>quem</strong></span> <span class='ocrx_word' id='word_1_166' title='bbox 714 2411 888 2472; x_wconf 88' lang='lat' dir='ltr'><strong>tractemus</strong></span> <span class='ocrx_word' id='word_1_167' title='bbox 912 2412 1021 2473; x_wconf 87' lang='lat' dir='ltr'><strong>extant</strong></span> <span class='ocrx_word' id='word_1_168' title='bbox 1043 2410 1126 2492; x_wconf 78' lang='lat' dir='ltr'><strong>quod</strong></span> <span class='ocrx_word' id='word_1_169' title='bbox 1147 2432 1168 2475; x_wconf 87' lang='lat' dir='ltr'><strong>a</strong></span> <span class='ocrx_word' id='word_1_170' title='bbox 1189 2410 1236 2474; x_wconf 84' lang='lat' dir='ltr'><strong>M.</strong></span> <span class='ocrx_word' id='word_1_171' title='bbox 1250 2411 1357 2487; x_wconf 78' lang='lat' dir='ltr'><strong>suado</strong></span> <span class='ocrx_word' id='word_1_172' title='bbox 1379 2413 1416 2475; x_wconf 85' lang='grc' dir='ltr'><strong>ιἰι</strong></span> 
     </span>
     <span class='ocr_line' id='line_1_21' title="bbox 297 2493 1501 2600; baseline 0.001 -23"><span class='ocrx_word' id='word_1_173' title='bbox 297 2514 329 2578; x_wconf 81' lang='lat'><strong>0.</strong></span> <span class='ocrx_word' id='word_1_174' title='bbox 349 2517 447 2600; x_wconf 79' lang='lat' dir='ltr'><strong>posito</strong></span> <span class='ocrx_word' id='word_1_175' title='bbox 478 2511 520 2575; x_wconf 84' lang='lat' dir='ltr'><strong>ud</strong></span> <span class='ocrx_word' id='word_1_176' title='bbox 546 2509 662 2574; x_wconf 77' lang='lat' dir='ltr'><strong>Asiam</strong></span> <span class='ocrx_word' id='word_1_177' title='bbox 691 2510 882 2594; x_wconf 80' lang='lat' dir='ltr'><strong>demipraral</strong></span> <span class='ocrx_word' id='word_1_178' title='bbox 905 2510 976 2576; x_wconf 89' lang='lat' dir='ltr'><strong>fieri</strong></span> <span class='ocrx_word' id='word_1_179' title='bbox 1005 2516 1127 2597; x_wconf 85' lang='lat' dir='ltr'><strong>potest,</strong></span> <span class='ocrx_word' id='word_1_180' title='bbox 1160 2516 1195 2576; x_wconf 89' lang='lat' dir='ltr'><strong>ut</strong></span> <span class='ocrx_word' id='word_1_181' title='bbox 1225 2512 1415 2578; x_wconf 83' lang='lat' dir='ltr'><strong>Ammianus</strong></span> <span class='ocrx_word' id='word_1_182' title='bbox 1494 2493 1501 2504; x_wconf 42' lang='lat'><em>¹</em></span> 
     </span>
     <span class='ocr_line' id='line_1_22' title="bbox 292 2612 1414 2699; baseline 0.001 -19"><span class='ocrx_word' id='word_1_183' title='bbox 292 2615 419 2680; x_wconf 81' lang='lat' dir='ltr'><strong>Gallum</strong></span> <span class='ocrx_word' id='word_1_184' title='bbox 462 2615 496 2678; x_wconf 92' lang='lat' dir='ltr'><strong>in</strong></span> <span class='ocrx_word' id='word_1_185' title='bbox 533 2612 689 2678; x_wconf 86' lang='lat' dir='ltr'><strong>orientem</strong></span> <span class='ocrx_word' id='word_1_186' title='bbox 725 2613 980 2697; x_wconf 86' lang='lat' dir='ltr'><strong>proficiscentem</strong></span> <span class='ocrx_word' id='word_1_187' title='bbox 1020 2615 1298 2699; x_wconf 81' lang='lat' dir='ltr'><strong>Constantinopoli</strong></span> <span class='ocrx_word' id='word_1_188' title='bbox 1342 2638 1414 2681; x_wconf 88' lang='lat' dir='ltr'><strong>cum</strong></span> 
     </span>
     <span class='ocr_line' id='line_1_23' title="bbox 292 2715 1414 2802; baseline 0.002 -19"><span class='ocrx_word' id='word_1_189' title='bbox 292 2719 391 2784; x_wconf 81' lang='lat' dir='ltr'><strong>fratrc</strong></span> <span class='ocrx_word' id='word_1_190' title='bbox 435 2715 676 2782; x_wconf 84' lang='lat' dir='ltr'><strong>convenientem</strong></span> <span class='ocrx_word' id='word_1_191' title='bbox 715 2715 831 2796; x_wconf 80' lang='lat' dir='ltr'><strong>faciat,</strong></span> <span class='ocrx_word' id='word_1_192' title='bbox 876 2739 948 2782; x_wconf 89' lang='lat' dir='ltr'><strong>cum</strong></span> <span class='ocrx_word' id='word_1_193' title='bbox 983 2719 1155 2784; x_wconf 89' lang='lat' dir='ltr'><strong>secundum</strong></span> <span class='ocrx_word' id='word_1_194' title='bbox 1194 2719 1295 2802; x_wconf 87' lang='lat' dir='ltr'><strong>ipsius</strong></span> <span class='ocrx_word' id='word_1_195' title='bbox 1333 2718 1414 2785; x_wconf 90' lang='lat' dir='ltr'><strong>Am-</strong></span> 
     </span>
     <span class='ocr_line' id='line_1_24' title="bbox 291 2817 1412 2888; baseline 0 -2"><span class='ocrx_word' id='word_1_196' title='bbox 291 2821 389 2886; x_wconf 89' lang='lat' dir='ltr'><strong>miani</strong></span> <span class='ocrx_word' id='word_1_197' title='bbox 416 2820 514 2885; x_wconf 82' lang='lat' dir='ltr'><strong>verba</strong></span> <span class='ocrx_word' id='word_1_198' title='bbox 537 2843 555 2882; x_wconf 90' lang='lat' dir='ltr'><strong>a</strong></span> <span class='ocrx_word' id='word_1_199' title='bbox 577 2817 673 2882; x_wconf 87' lang='lat' dir='ltr'><strong>fundo</strong></span> <span class='ocrx_word' id='word_1_200' title='bbox 704 2818 832 2885; x_wconf 84' lang='lat' dir='ltr'><strong>Macelli</strong></span> <span class='ocrx_word' id='word_1_201' title='bbox 861 2823 970 2885; x_wconf 91' lang='lat' dir='ltr'><strong>statim</strong></span> <span class='ocrx_word' id='word_1_202' title='bbox 998 2821 1160 2886; x_wconf 84' lang='lat' dir='ltr'><strong>devenerit</strong></span> <span class='ocrx_word' id='word_1_203' title='bbox 1182 2821 1412 2888; x_wconf 87' lang='lat' dir='ltr'><strong>Nicomediam.</strong></span> 
     </span>
     <span class='ocr_line' id='line_1_25' title="bbox 293 2922 1412 3008; baseline 0.004 -21"><span class='ocrx_word' id='word_1_204' title='bbox 293 2961 332 2973; x_wconf 90' lang='lat'><strong>-·</strong></span> <span class='ocrx_word' id='word_1_205' title='bbox 356 2922 470 2988; x_wconf 86' lang='lat' dir='ltr'><strong>Restat</strong></span> <span class='ocrx_word' id='word_1_206' title='bbox 491 2922 591 3008; x_wconf 80' lang='lat' dir='ltr'><strong>igitur</strong></span> <span class='ocrx_word' id='word_1_207' title='bbox 613 2946 712 2989; x_wconf 89' lang='lat' dir='ltr'><strong>unum</strong></span> <span class='ocrx_word' id='word_1_208' title='bbox 734 2925 780 3003; x_wconf 81' lang='lat' dir='ltr'><strong>id,</strong></span> <span class='ocrx_word' id='word_1_209' title='bbox 811 2929 847 2992; x_wconf 84' lang='lat' dir='ltr'><strong>ut</strong></span> <span class='ocrx_word' id='word_1_210' title='bbox 873 2925 933 2990; x_wconf 89' lang='lat' dir='ltr'><strong>hoc</strong></span> <span class='ocrx_word' id='word_1_211' title='bbox 956 2923 1028 2992; x_wconf 89' lang='lat' dir='ltr'><strong>loco</strong></span> <span class='ocrx_word' id='word_1_212' title='bbox 1050 2925 1199 2991; x_wconf 90' lang='lat' dir='ltr'><strong>Julianus</strong></span> <span class='ocrx_word' id='word_1_213' title='bbox 1222 2925 1350 2991; x_wconf 81' lang='lat' dir='ltr'><strong>Gallum</strong></span> <span class='ocrx_word' id='word_1_214' title='bbox 1373 2948 1412 2991; x_wconf 82' lang='lat' dir='ltr'><strong>ax</strong></span> 
     </span>
     <span class='ocr_line' id='line_1_26' title="bbox 291 3026 1412 3112; baseline 0.002 -19"><span class='ocrx_word' id='word_1_215' title='bbox 291 3028 414 3093; x_wconf 89' lang='lat' dir='ltr'><strong>oriente</strong></span> <span class='ocrx_word' id='word_1_216' title='bbox 436 3029 621 3092; x_wconf 88' lang='lat' dir='ltr'><strong>redeuntem</strong></span> <span class='ocrx_word' id='word_1_217' title='bbox 643 3026 921 3112; x_wconf 78' lang='lat' dir='ltr'><strong>Constantinopoli</strong></span> <span class='ocrx_word' id='word_1_218' title='bbox 944 3028 1061 3092; x_wconf 88' lang='lat' dir='ltr'><strong>vidisse</strong></span> <span class='ocrx_word' id='word_1_219' title='bbox 1082 3029 1213 3094; x_wconf 89' lang='lat' dir='ltr'><strong>dicatur.</strong></span> <span class='ocrx_word' id='word_1_220' title='bbox 1250 3029 1350 3106; x_wconf 26' lang='lat' dir='ltr'><strong>rQuod</strong></span> <span class='ocrx_word' id='word_1_221' title='bbox 1372 3052 1412 3095; x_wconf 87' lang='lat' dir='ltr'><strong>ne</strong></span> 
     </span>
     <span class='ocr_line' id='line_1_27' title="bbox 290 3131 1411 3216; baseline 0.002 -19"><span class='ocrx_word' id='word_1_222' title='bbox 290 3136 484 3210; x_wconf 84' lang='lat' dir='ltr'><strong>statuamus,</strong></span> <span class='ocrx_word' id='word_1_223' title='bbox 517 3153 626 3196; x_wconf 89' lang='lat' dir='ltr'><strong>rursus</strong></span> <span class='ocrx_word' id='word_1_224' title='bbox 656 3131 755 3215; x_wconf 79' lang='lat' dir='ltr'><strong>ipsius</strong></span> <span class='ocrx_word' id='word_1_225' title='bbox 777 3131 899 3196; x_wconf 87' lang='lat' dir='ltr'><strong>Juliani</strong></span> <span class='ocrx_word' id='word_1_226' title='bbox 921 3131 1027 3195; x_wconf 85' lang='lat' dir='ltr'><strong>verbis</strong></span> <span class='ocrx_word' id='word_1_227' title='bbox 1050 3131 1240 3216; x_wconf 85' lang='lat' dir='ltr'><strong>impedimur</strong></span> <span class='ocrx_word' id='word_1_228' title='bbox 1262 3133 1317 3216; x_wconf 92' lang='lat' dir='ltr'><strong>qui</strong></span> <span class='ocrx_word' id='word_1_229' title='bbox 1340 3132 1361 3197; x_wconf 91' lang='lat' dir='ltr'><strong>l.</strong></span> <span class='ocrx_word' id='word_1_230' title='bbox 1385 3155 1411 3200; x_wconf 84' lang='lat' dir='ltr'><strong>c.</strong></span> 
     </span>
     <span class='ocr_line' id='line_1_28' title="bbox 288 3231 1411 3320; baseline -0.001 -19"><span class='ocrx_word' id='word_1_231' title='bbox 288 3257 320 3320; x_wconf 91' lang='lat' dir='ltr'><strong>p.</strong></span> <span class='ocrx_word' id='word_1_232' title='bbox 346 3241 405 3301; x_wconf 82' lang='lat'><strong>273</strong></span> <span class='ocrx_word' id='word_1_233' title='bbox 428 3233 459 3297; x_wconf 84' lang='lat' dir='ltr'><strong>A</strong></span> <span class='ocrx_word' id='word_1_234' title='bbox 481 3238 591 3318; x_wconf 80' lang='lat' dir='ltr'><strong>aperte</strong></span> <span class='ocrx_word' id='word_1_235' title='bbox 623 3234 700 3298; x_wconf 86' lang='lat' dir='ltr'><strong>dicit</strong></span> <span class='ocrx_word' id='word_1_236' title='bbox 729 3238 939 3319; x_wconf 88' lang='lat' dir='ltr'><strong>posteaquam</strong></span> <span class='ocrx_word' id='word_1_237' title='bbox 963 3231 1073 3298; x_wconf 79' lang='lat' dir='ltr'><strong>Gallus</strong></span> <span class='ocrx_word' id='word_1_238' title='bbox 1096 3234 1135 3298; x_wconf 91' lang='lat' dir='ltr'><strong>ad</strong></span> <span class='ocrx_word' id='word_1_239' title='bbox 1158 3233 1315 3299; x_wconf 88' lang='lat' dir='ltr'><strong>orientem</strong></span> <span class='ocrx_word' id='word_1_240' title='bbox 1338 3257 1411 3318; x_wconf 90' lang='lat' dir='ltr'><strong>per·</strong></span> 
     </span>
     <span class='ocr_line' id='line_1_29' title="bbox 289 3336 920 3421; baseline -0.002 -19"><span class='ocrx_word' id='word_1_241' title='bbox 289 3337 413 3404; x_wconf 86' lang='lat' dir='ltr'><strong>venerit</strong></span> <span class='ocrx_word' id='word_1_242' title='bbox 434 3360 467 3402; x_wconf 89' lang='lat' dir='ltr'><strong>se</strong></span> <span class='ocrx_word' id='word_1_243' title='bbox 491 3360 564 3402; x_wconf 90' lang='lat' dir='ltr'><strong>eum</strong></span> <span class='ocrx_word' id='word_1_244' title='bbox 585 3360 649 3402; x_wconf 89' lang='lat' dir='ltr'><strong>nen</strong></span> <span class='ocrx_word' id='word_1_245' title='bbox 671 3338 735 3402; x_wconf 86' lang='lat' dir='ltr'><strong>ianr</strong></span> <span class='ocrx_word' id='word_1_246' title='bbox 759 3336 882 3402; x_wconf 88' lang='lat' dir='ltr'><strong>vidisse.</strong></span> <span class='ocrx_word' id='word_1_247' title='bbox 897 3337 920 3421; x_wconf 83' lang='lat'><strong>⁸)</strong></span> 
     </span>
    </p>

    <p class='ocr_par' dir='ltr' id='par_1_6' title="bbox 289 3438 1411 3627">
     <span class='ocr_line' id='line_1_30' title="bbox 375 3438 1411 3524; baseline 0.004 -22"><span class='ocrx_word' id='word_1_248' title='bbox 375 3439 425 3503; x_wconf 79' lang='lat' dir='ltr'><strong>En</strong></span> <span class='ocrx_word' id='word_1_249' title='bbox 449 3438 586 3524; x_wconf 90' lang='lat' dir='ltr'><strong>undique</strong></span> <span class='ocrx_word' id='word_1_250' title='bbox 608 3438 852 3504; x_wconf 75' lang='lat' dir='ltr'><strong>difficultatibus</strong></span> <span class='ocrx_word' id='word_1_251' title='bbox 879 3439 1104 3522; x_wconf 89' lang='lat' dir='ltr'><strong>circumsaepti</strong></span> <span class='ocrx_word' id='word_1_252' title='bbox 1133 3461 1241 3504; x_wconf 93' lang='lat' dir='ltr'><strong>sumus</strong></span> <span class='ocrx_word' id='word_1_253' title='bbox 1263 3439 1411 3506; x_wconf 82' lang='lat' dir='ltr'><strong>maximis</strong></span> 
     </span>
     <span class='ocr_line' id='line_1_31' title="bbox 289 3541 1411 3627; baseline 0 -20"><span class='ocrx_word' id='word_1_254' title='bbox 289 3564 434 3627; x_wconf 89' lang='lat' dir='ltr'><strong>quaeque</strong></span> <span class='ocrx_word' id='word_1_255' title='bbox 457 3541 511 3606; x_wconf 85' lang='lat' dir='ltr'><strong>vix</strong></span> <span class='ocrx_word' id='word_1_256' title='bbox 533 3541 616 3608; x_wconf 88' lang='lat' dir='ltr'><strong>solvi</strong></span> <span class='ocrx_word' id='word_1_257' title='bbox 639 3565 731 3626; x_wconf 87' lang='lat' dir='ltr'><strong>posse</strong></span> <span class='ocrx_word' id='word_1_258' title='bbox 754 3543 930 3607; x_wconf 83' lang='lat' dir='ltr'><strong>videantur.</strong></span> <span class='ocrx_word' id='word_1_259' title='bbox 976 3541 1129 3606; x_wconf 87' lang='lat' dir='ltr'><strong>Attamen</strong></span> <span class='ocrx_word' id='word_1_260' title='bbox 1150 3546 1294 3626; x_wconf 84' lang='lat' dir='ltr'><strong>possunt,</strong></span> <span class='ocrx_word' id='word_1_261' title='bbox 1320 3543 1411 3607; x_wconf 89' lang='lat' dir='ltr'><strong>dum·</strong></span> 
     </span>
    </p>
   </div>
   <div class='ocr_carea' id='block_1_6' title="bbox 378 3745 1497 3824">
    <p class='ocr_par' dir='ltr' id='par_1_7' title="bbox 378 3745 1497 3824">
     <span class='ocr_line' id='line_1_32' title="bbox 378 3745 1497 3824; baseline -0.002 -20"><span class='ocrx_word' id='word_1_262' title='bbox 378 3751 396 3816; x_wconf 85' lang='lat'><strong>¹)</strong></span> <span class='ocrx_word' id='word_1_263' title='bbox 414 3750 495 3817; x_wconf 87' lang='lat' dir='ltr'><strong>epist.</strong></span> <span class='ocrx_word' id='word_1_264' title='bbox 514 3749 559 3804; x_wconf 90' lang='lat' dir='ltr'><strong>ad.</strong></span> <span class='ocrx_word' id='word_1_265' title='bbox 578 3748 603 3803; x_wconf 89' lang='lat' dir='ltr'><strong>S.</strong></span> <span class='ocrx_word' id='word_1_266' title='bbox 622 3749 651 3802; x_wconf 88' lang='lat' dir='ltr'><strong>P.</strong></span> <span class='ocrx_word' id='word_1_267' title='bbox 670 3747 701 3813; x_wconf 77' lang='lat' dir='ltr'><strong>Q.</strong></span> <span class='ocrx_word' id='word_1_268' title='bbox 720 3748 921 3803; x_wconf 86' lang='lat' dir='ltr'><strong>Atheniensem</strong></span> <span class='ocrx_word' id='word_1_269' title='bbox 939 3765 966 3816; x_wconf 92' lang='lat' dir='ltr'><strong>p.</strong></span> <span class='ocrx_word' id='word_1_270' title='bbox 984 3747 1076 3802; x_wconf 78' lang='lat'>2721)</span> <span class='ocrx_word' id='word_1_271' title='bbox 1106 3745 1153 3816; x_wconf 73' lang='grc' dir='ltr'><strong>ἐμὲ</strong></span> <span class='ocrx_word' id='word_1_272' title='bbox 1173 3747 1206 3800; x_wconf 78' lang='grc' dir='ltr'><strong>δὲ</strong></span> <span class='ocrx_word' id='word_1_273' title='bbox 1223 3747 1314 3822; x_wconf 76' lang='grc' dir='ltr'><em>ἀφῆκε</em></span> <span class='ocrx_word' id='word_1_274' title='bbox 1330 3753 1413 3820; x_wconf 72' lang='grc' dir='ltr'><em>μόγις</em></span> <span class='ocrx_word' id='word_1_275' title='bbox 1494 3817 1497 3824; x_wconf 28' lang='grc'>1</span> 
     </span>
    </p>
   </div>
   <div class='ocr_carea' id='block_1_7' title="bbox 284 3833 1410 4250">
    <p class='ocr_par' dir='ltr' id='par_1_8' title="bbox 288 3833 1410 3990">
     <span class='ocr_line' id='line_1_33' title="bbox 288 3833 1410 3910; baseline 0.004 -24"><span class='ocrx_word' id='word_1_276' title='bbox 288 3835 354 3889; x_wconf 74' lang='grc' dir='ltr'><strong>ἑπτὰ</strong></span> <span class='ocrx_word' id='word_1_277' title='bbox 371 3841 467 3905; x_wconf 81' lang='grc' dir='ltr'><em>μηνῶν</em></span> <span class='ocrx_word' id='word_1_278' title='bbox 485 3835 556 3888; x_wconf 78' lang='grc' dir='ltr'><em>ὅλοιν</em></span> <span class='ocrx_word' id='word_1_279' title='bbox 573 3833 688 3894; x_wconf 74' lang='grc' dir='ltr'><strong><em>ἑλκύσας</em></strong></span> <span class='ocrx_word' id='word_1_280' title='bbox 705 3833 771 3908; x_wconf 77' lang='grc' dir='ltr'><strong>τῇδε</strong></span> <span class='ocrx_word' id='word_1_281' title='bbox 785 3833 895 3887; x_wconf 79' lang='grc' dir='ltr'><em>κάκεῖσε</em></span> <span class='ocrx_word' id='word_1_282' title='bbox 913 3833 957 3888; x_wconf 76' lang='grc' dir='ltr'><strong>καὶ</strong></span> <span class='ocrx_word' id='word_1_283' title='bbox 975 3837 1163 3902; x_wconf 80' lang='grc' dir='ltr'><em>ποιησάμενος</em></span> <span class='ocrx_word' id='word_1_284' title='bbox 1180 3834 1340 3910; x_wconf 74' lang='grc' dir='ltr'><em>ἔμφρουρον</em></span> <span class='ocrx_word' id='word_1_285' title='bbox 1358 3839 1410 3890; x_wconf 91' lang='lat' dir='ltr'><strong>etc.</strong></span> 
     </span>
     <span class='ocr_line' id='line_1_34' title="bbox 376 3918 1173 3990; baseline -0.001 -16"><span class='ocrx_word' id='word_1_286' title='bbox 376 3923 396 3990; x_wconf 79' lang='lat'><strong>²)</strong></span> <span class='ocrx_word' id='word_1_287' title='bbox 413 3921 489 3976; x_wconf 86' lang='lat' dir='ltr'><strong>Haec</strong></span> <span class='ocrx_word' id='word_1_288' title='bbox 507 3919 594 3975; x_wconf 88' lang='lat' dir='ltr'><strong>verba</strong></span> <span class='ocrx_word' id='word_1_289' title='bbox 611 3922 644 3974; x_wconf 90' lang='lat' dir='ltr'><strong>ut</strong></span> <span class='ocrx_word' id='word_1_290' title='bbox 660 3920 800 3988; x_wconf 80' lang='lat' dir='ltr'><strong>glossema</strong></span> <span class='ocrx_word' id='word_1_291' title='bbox 818 3937 876 3976; x_wconf 88' lang='lat' dir='ltr'><strong>csse</strong></span> <span class='ocrx_word' id='word_1_292' title='bbox 896 3919 1016 3974; x_wconf 87' lang='lat' dir='ltr'><strong>delenda</strong></span> <span class='ocrx_word' id='word_1_293' title='bbox 1035 3918 1173 3974; x_wconf 88' lang='lat' dir='ltr'><strong>videntur.</strong></span> 
     </span>
    </p>

    <p class='ocr_par' dir='ltr' id='par_1_9' title="bbox 284 4001 1410 4078">
     <span class='ocr_line' id='line_1_35' title="bbox 284 4001 1410 4078; baseline 0.004 -20"><span class='ocrx_word' id='word_1_294' title='bbox 284 4036 287 4045; x_wconf 95' lang='lat'>·</span> <span class='ocrx_word' id='word_1_295' title='bbox 375 4010 394 4074; x_wconf 77' lang='lat'><strong>³)</strong></span> <span class='ocrx_word' id='word_1_296' title='bbox 413 4010 502 4058; x_wconf 72' lang='grc' dir='ltr'><em>καίτοι</em></span> <span class='ocrx_word' id='word_1_297' title='bbox 529 4009 569 4077; x_wconf 85' lang='grc' dir='ltr'><strong>μὰ</strong></span> <span class='ocrx_word' id='word_1_298' title='bbox 593 4003 658 4066; x_wconf 80' lang='grc' dir='ltr'><strong>τοὺς</strong></span> <span class='ocrx_word' id='word_1_299' title='bbox 680 4005 764 4066; x_wconf 73' lang='grc' dir='ltr'><em>θεοὺς</em></span> <span class='ocrx_word' id='word_1_300' title='bbox 782 4001 914 4078; x_wconf 70' lang='grc' dir='ltr'><em>οὐδ’ὄναρ</em></span> <span class='ocrx_word' id='word_1_301' title='bbox 932 4024 982 4074; x_wconf 88' lang='grc' dir='ltr'><strong>μοι</strong></span> <span class='ocrx_word' id='word_1_302' title='bbox 1001 4004 1096 4072; x_wconf 79' lang='grc' dir='ltr'><em>φανεὶς</em></span> <span class='ocrx_word' id='word_1_303' title='bbox 1113 4003 1233 4070; x_wconf 71' lang='grc' dir='ltr'><strong>ἁδελφὸς</strong></span> <span class='ocrx_word' id='word_1_304' title='bbox 1251 4003 1410 4076; x_wconf 69' lang='grc' dir='ltr'><em>ἐπεπράχει.</em></span> 
     </span>
    </p>

    <p class='ocr_par' dir='ltr' id='par_1_10' title="bbox 288 4086 1409 4164">
     <span class='ocr_line' id='line_1_36' title="bbox 288 4086 1409 4164; baseline 0 -21"><span class='ocrx_word' id='word_1_305' title='bbox 288 4091 333 4143; x_wconf 75' lang='grc' dir='ltr'><strong>καὶ</strong></span> <span class='ocrx_word' id='word_1_306' title='bbox 358 4095 413 4164; x_wconf 74' lang='grc' dir='ltr'><strong>γὰρ</strong></span> <span class='ocrx_word' id='word_1_307' title='bbox 440 4089 505 4144; x_wconf 77' lang='grc' dir='ltr'><strong>οὐδὲ</strong></span> <span class='ocrx_word' id='word_1_308' title='bbox 532 4097 620 4162; x_wconf 71' lang='grc' dir='ltr'><em>συνῆν</em></span> <span class='ocrx_word' id='word_1_309' title='bbox 646 4089 719 4160; x_wconf 80' lang='grc' dir='ltr'><strong><em>αὐτῷ</em></strong></span> <span class='ocrx_word' id='word_1_310' title='bbox 747 4089 812 4144; x_wconf 72' lang='grc' dir='ltr'><strong>οὐδὲ</strong></span> <span class='ocrx_word' id='word_1_311' title='bbox 840 4089 958 4159; x_wconf 73' lang='grc' dir='ltr'><em>ἐφοίτων</em></span> <span class='ocrx_word' id='word_1_312' title='bbox 985 4089 1050 4143; x_wconf 70' lang='grc' dir='ltr'><strong>οὐδὲ</strong></span> <span class='ocrx_word' id='word_1_313' title='bbox 1077 4089 1207 4158; x_wconf 74' lang='grc' dir='ltr'><strong>ἐβάδιζον</strong></span> <span class='ocrx_word' id='word_1_314' title='bbox 1236 4086 1300 4164; x_wconf 81' lang='grc' dir='ltr'><em>παρ’</em></span> <span class='ocrx_word' id='word_1_315' title='bbox 1318 4089 1409 4158; x_wconf 78' lang='grc' dir='ltr'><em>αὐτὸν,</em></span> 
     </span>
    </p>

    <p class='ocr_par' dir='ltr' id='par_1_11' title="bbox 287 4173 874 4250">
     <span class='ocr_line' id='line_1_37' title="bbox 287 4173 874 4250; baseline 0.003 -24"><span class='ocrx_word' id='word_1_316' title='bbox 287 4175 409 4245; x_wconf 74' lang='grc' dir='ltr'><strong>ὀλιγάκις</strong></span> <span class='ocrx_word' id='word_1_317' title='bbox 426 4174 458 4230; x_wconf 76' lang='lat' dir='ltr'><strong>di</strong></span> <span class='ocrx_word' id='word_1_318' title='bbox 476 4175 599 4250; x_wconf 69' lang='grc' dir='ltr'><em>ἔγραφον</em></span> <span class='ocrx_word' id='word_1_319' title='bbox 617 4175 663 4228; x_wconf 75' lang='grc' dir='ltr'><strong>καὶ</strong></span> <span class='ocrx_word' id='word_1_320' title='bbox 680 4173 748 4247; x_wconf 76' lang='grc' dir='ltr'><em>ὑπὲρ</em></span> <span class='ocrx_word' id='word_1_321' title='bbox 767 4175 874 4245; x_wconf 75' lang='grc' dir='ltr'><em>ὀλίγων.</em></span> 
     </span>
    </p>
   </div>
   <div class='ocr_carea' id='block_1_8' title="bbox 0 0 1658 4934">
    <p class='ocr_par' dir='ltr' id='par_1_12' title="bbox 0 0 1658 4934">
     <span class='ocr_line' id='line_1_38' title="bbox 0 0 1658 4934; baseline 0 5"><span class='ocrx_word' id='word_1_322' title='bbox 0 0 1658 4934; x_wconf 95' lang='lat' dir='ltr'><strong> </strong></span> 
     </span>
    </p>
   </div>
  </div>
 </body>
</html>
