3308 4934
765 366 976 426 -46-

305 545 434 610 demum
456 543 567 610 XXVI
590 553 619 624 9,
642 553 662 613 6
685 567 732 630 sq.
777 546 967 612 Ammianus
989 548 1027 612 de
1057 549 1191 632 perfidie
1213 548 1377 618 Gomoarii
1400 557 1434 618 et

305 647 454 735 Agilonis
483 648 662 714 accuratius
694 649 826 733 exponit
852 650 960 734 itaque
982 650 1044 715 hoe
1074 650 1146 717 loco
1170 653 1306 737 perfecti
1328 657 1433 739 parti·

305 751 389 834 cipio
411 752 461 817 uti
481 774 547 817 non
568 753 683 836 potuit.

390 940 478 1009 xxvi
510 948 539 1018 8,
562 948 592 1007 4.
648 943 727 1004 Unde
757 961 822 1006 eun
851 941 1004 1022 Ancprc'n
1040 947 1145 1008 Valens
1176 950 1242 1008 edis
1258 947 1433 1014 'itineribus

305 1046 469 1120 reconderet
507 1047 745 1121 conuenientque
781 1047 962 1122 anc‘ce'rnun
1000 1049 1037 1108 ub
1074 1053 1183 1111 oriente
1213 1070 1278 1112 eren
1308 1055 1433 1114 catervis

187 1129 189 1134 ⁵
304 1137 464 1210 adventure
486 1166 545 1209 non
574 1150 795 1224 contemnendis,
817 1167 867 1224 spe
883 1168 1094 1232 prosperorum
1116 1156 1236 1214 erectior
1255 1156 1434 1216 Arinthennn

305 1253 491 1313 lenissc'nnnr
513 1253 614 1312 dnccrn
636 1269 824 1314 occursurum
846 1253 974 1314 nostdrns
996 1257 1084 1314 nisit.
1120 1254 1199 1320 Cum
1221 1256 1253 1320 iu
1272 1256 1317 1321 eis
1335 1280 1433 1341 pera-

304 1351 438 1437 graphis
462 1373 543 1436 quae
566 1353 757 1418 antecedunt
779 1353 961 1436 expositum
990 1355 1031 1418 sit
1054 1357 1130 1440 quid
1153 1359 1277 1423 adversi
1299 1358 1433 1426 Valenti

304 1455 484 1534 accidisset,
518 1477 557 1520 ex
581 1456 746 1532 constanti
776 1456 940 1522 Ammiani
970 1458 1094 1524 dicendi
1124 1482 1184 1524 usu
1217 1460 1270 1525 hic
1301 1484 1432 1547 quoque

305 1558 506 1624 scribendum
535 1559 661 1624 videtur
690 1579 740 1638 spe
767 1563 1082 1637 prospectorum.
1127 1562 1168 1626 ef,
1189 1583 1253 1640 spes
1276 1568 1434 1628 lucturum

220 1665 223 1672 '
305 1658 416 1724 XXVI
440 1668 468 1740 2,
494 1669 542 1740 10,
566 1659 695 1724 XXVII
719 1670 767 1739 lo,
788 1670 823 1738 33
845 1682 909 1739 spes
926 1667 1077 1739 potiornnr
1100 1664 1179 1730 XVI
1202 1675 1231 1743 8,
1252 1675 1279 1744 5,
1302 1667 1433 1732 XXVII

308 1771 356 1843 12,
382 1772 435 1841 173
465 1783 530 1841 spes
551 1768 704 1826 meliorum
726 1762 837 1829 XXIV
860 1773 889 1843 8,
914 1773 946 1843 5,
977 1765 1070 1830 XXX
1094 1775 1122 1845 7,
1147 1776 1176 1847 9,
1206 1766 1317 1833 XXXI
1341 1777 1369 1848 7,
1393 1779 1431 1848 6;

302 1888 353 1946 spe
374 1875 469 1932 dutus
482 1867 503 1951 ¹)
525 1871 724 1945 prosperioris
746 1871 840 1930 cletus
862 1865 975 1932 XXIII
998 1878 1026 1948 5,
1050 1879 1079 1938 8.
1125 1870 1232 1934 Etiam
1255 1870 1334 1937 XVI
1355 1879 1384 1949 4,
1410 1881 1428 1940 5

303 1969 526 2056 corrigendum
549 1991 618 2036 esre
639 1975 718 2054 puto
740 1970 900 2054 adsulsu²)
933 1975 1052 2034 laetiore
1074 1993 1124 2051 spe
1142 1979 1427 2051 prosperiorem

303 2074 404 2158 (codd.
423 2079 654 2154 prosperorum).

385 2263 472 2332 XXVI
498 2273 527 2344 8,
546 2272 564 2332 9
584 2285 653 2348 sqq.
678 2264 849 2348 exponitur
871 2265 1031 2349 quomodo
1055 2269 1123 2329 arte
1142 2264 1284 2331 Alisonis
1307 2265 1427 2330 tribuni

303 2366 466 2432 cuiusdam
498 2371 610 2432 eatena
639 2365 744 2430 ferrea
774 2389 837 2450 qua
870 2388 904 2431 os
939 2365 1046 2452 Cyzici
1074 2370 1186 2451 portus
1222 2367 1429 2433 claudebatur

302 2469 465 2536 confracta
487 2471 538 2549 sit,
561 2469 607 2533 ita
630 2472 665 2532 ut
687 2469 771 2533 latus
793 2470 858 2534 iam
881 2470 984 2534 aditus
1008 2473 1142 2554 pateret.
1179 2469 1277 2536 Initio
1300 2493 1428 2557 paragr.

303 2576 341 2638 11
366 2572 555 2638 Ammianus
577 2578 646 2638 tum
667 2573 713 2638 ita
735 2574 859 2660 pergit:
882 2577 935 2636 hoe
956 2578 1056 2639 Mune
1077 2575 1181 2652 Oprico
1202 2583 1334 2638 rosceto
1354 2580 1448 2646 Pro,

301 2679 401 2752 copdns
423 2679 463 2738 ad
485 2695 548 2741 curn
565 2695 690 2755 propere
705 2679 863 2754 feste'nccc't
876 2681 936 2756 ete.
969 2675 1030 2741 Sed
1049 2698 1121 2742 eum
1139 2678 1178 2742 ad
1196 2678 1317 2744 iustum
1333 2700 1430 2763 proe-

300 2777 379 2842 lium
411 2779 541 2842 omnino
573 2784 704 2845 ventum
736 2801 805 2844 esse
836 2802 901 2844 non
929 2781 1074 2855 videatur
1105 2776 1160 2846 sed
1182 2779 1274 2846 Aliso
1302 2785 1429 2846 tantum

301 2879 425 2943 dicutur
456 2880 601 2944 coniectu
634 2880 770 2945 telorum
794 2881 958 2967 paulisper
979 2881 1128 2946 defensus
1152 2889 1296 2948 catenam
1320 2885 1428 2949 conci-

301 2981 383 3048 disse
406 2981 437 3066 (ἕ
463 2982 532 3066 10),
564 3004 677 3048 vereor
708 2987 745 3047 ut
765 2988 851 3049 reete
874 2984 1002 3071 legatur
1032 2988 1084 3047 hec
1105 2989 1223 3060 Marta
1259 2987 1375 3052 etenim
1401 2989 1429 3052 si

300 3083 387 3148 Mars
419 3084 535 3150 dicitur
557 3107 615 3170 pro
638 3084 742 3164 bello,
775 3109 901 3172 semper
923 3089 961 3152 de
984 3108 1078 3152 saevo
1102 3089 1240 3172 quodam
1262 3088 1428 3172 atrocique

302 3185 385 3251 bello
419 3188 624 3273 cogitandum
657 3192 714 3253 est.
769 3187 882 3275 Itaque
914 3190 1057 3276 corrigas
1088 3213 1207 3276 quaeso
1237 3194 1310 3253 huc
1340 3194 1429 3254 erte

305 3292 409 3369 operer
439 3298 584 3364 reseratu,
615 3290 636 3354 i.
661 3313 687 3354 e.
717 3313 755 3356 eo
788 3291 954 3357 machinae
986 3297 1182 3372 commento,
1214 3293 1252 3358 de
1281 3314 1344 3376 quo
1367 3293 1427 3375 §5

301 3393 439 3478 scriptor
461 3392 558 3458 latius
580 3392 708 3458 loeutus
730 3397 787 3458 est.

386 3581 486 3651 XXVII
511 3591 540 3661 4,
564 3591 582 3650 3
614 3583 670 3646 ubi
698 3583 736 3646 de
759 3581 968 3647 Thraciarum
997 3584 1061 3648 situ
1083 3583 1273 3649 Ammianus
1295 3583 1426 3648 uberius

301 3685 442 3770 exponit,
465 3683 618 3770 leguntur
635 3684 730 3750 haec:
753 3689 807 3748 nas
825 3693 919 3748 terras
937 3691 1077 3750 lmncnsu
1095 3690 1242 3763 quondan
1260 3709 1428 3768 camporum

388 3824 406 3889 ¹)
427 3822 508 3877 codd.
534 3831 681 3892 penaten
708 3841 778 3879 corr.
795 3823 933 3880 Valesius.
960 3823 1013 3878 Ad.
1031 3824 1217 3894 Kiesrlingius
1243 3826 1364 3884 coffieeit
1381 3845 1427 3896 spe

300 3910 387 3964 clatus
400 3912 613 3978 prosperiorem
632 3908 749 3976 [elaten]
757 3950 765 3977 ‚
791 3909 851 3964 sine
875 3908 935 3963 ulla
953 3909 1208 3968 verisimilitudinis
1226 3912 1335 3984 speeie,
1361 3930 1426 3967 eum

299 3993 390 4049 tribus
408 3993 477 4051 locis
495 3995 596 4050 mutet.

388 4081 407 4148 ')
425 4078 504 4135 codd.
529 4082 638 4148 cdfnec,
664 4095 735 4136 corr.
763 4079 969 4136 Cornelissenus
987 4081 1122 4139 Mnemos.
1148 4084 1183 4140 N.
1202 4085 1228 4140 S.
1247 4084 1313 4140 XIV
1330 4102 1357 4155 p.
1375 4085 1427 4139 243

299 4165 363 4223 coll.
374 4165 425 4220 Iul.
438 4164 608 4235 Obsequent.
627 4183 649 4220 c.
663 4166 697 4220 29
715 4165 776 4221 init.
795 4170 896 4236 species
913 4170 1036 4235 effnlane.
1066 4168 1130 4225 vide
1141 4170 1229 4226 etiam
1237 4170 1342 4226 XXVII
1355 4171 1393 4237 10,
1401 4171 1425 4225 3.
