3308 4934
694 316 742 383 -’
779 343 815 402 21
863 376 901 383 ..

240 529 380 608 κρείττων
421 525 555 588 ἑαυτοῦ.»
593 521 654 588 Sed
689 507 853 611 nunquam
890 524 1078 588 Ammianus
1112 545 1171 609 pro
1216 517 1357 616 ablativo

238 626 484 710 comparationis
517 626 572 710 qui
601 625 716 691 dicitur
739 625 859 691 Graeco
888 648 976 692 more
1007 625 1184 712 genitivum
1214 628 1356 708 usurpat,

235 750 340 813 neque
380 728 527 813 exempla
562 751 643 812 quae
678 729 782 794 adfert
821 727 1002 816 Wagnerus
1041 725 1119 794 XIV
1153 735 1207 805 ll,
1241 735 1278 794 15
1305 729 1359 792 suc'

232 831 356 912 (iducis
383 881 389 896 .
421 882 428 896 .
462 886 467 897 .
498 831 593 896 locuti
624 837 655 896 ct
684 831 795 897 XXXI
827 839 844 898 7
855 881 862 911 ‚
894 841 912 901 9
944 831 981 898 ob
1009 832 1172 897 iustiorem
1199 831 1253 896 sut
1280 849 1357 894 cuu-

235 955 307 999 sarn
328 934 366 998 ad
387 935 470 999 hanc
488 935 590 1018 ipsius
613 934 857 1018 explicationem
880 933 1053 1020 quidquam
1076 931 1206 998 faciunt.
1252 930 1358 997 Aliter

237 1037 355 1102 iudicat
373 1037 555 1102 Erfurdtius
569 1038 591 1122 ²)
616 1038 672 1121 qui
689 1041 739 1102 sui
760 1059 832 1103 cum
842 1039 979 1122 fortuna
994 1035 1161 1122 coniungit
1178 1038 1211 1101 et
1220 1035 1358 1118 fertum

239 1139 412 1205 ablativum
437 1140 688 1224 comparativum
708 1162 774 1205 esse
797 1143 913 1218 censet,
938 1142 974 1203 ut
995 1139 1098 1204 dicere
1120 1135 1260 1204 voluerit
1276 1137 1356 1202 Am·

238 1243 360 1308 mianus
392 1247 447 1306 «ut
478 1247 545 1307 erat
573 1243 693 1308 virtute
724 1265 778 1308 sua
805 1265 900 1329 quam
931 1245 1061 1307 externa
1095 1241 1274 1307 conditione
1307 1240 1357 1304 in-

236 1346 387 1431 signior.»
434 1345 496 1411 Sed
530 1344 589 1410 hoc
625 1350 754 1430 prorsus
790 1346 913 1412 videtur
949 1345 1102 1430 ineptum.
1156 1341 1285 1409 Etenim
1322 1346 1357 1407 ut

238 1448 309 1534 quis
330 1449 430 1514 verba
449 1451 584 1527 scrinea
617 1451 671 1513 sue'
700 1450 738 1514 ad
764 1453 946 1514 «externam
977 1447 1211 1514 condicionem»
1245 1447 1357 1512 referri

241 1572 335 1634 posse
360 1552 519 1631 concedat,
542 1555 649 1616 tamen
672 1552 756 1637 quod
777 1551 973 1638 cogitatione
993 1547 1176 1618 Erfurdtius
1198 1547 1358 1636 supplevit

242 1654 378 1718 «virtute
408 1675 482 1718 suas
513 1653 546 1718 iu
581 1655 740 1718 sententia
772 1659 840 1720 tarn
872 1654 1006 1719 obscure
1041 1674 1192 1738 expressa
1226 1650 1356 1716 minime

240 1753 378 1839 suppleri
405 1759 520 1841 potest.
565 1755 666 1822 Recta
697 1755 924 1844 interpretandi
956 1756 1007 1822 vie
1038 1755 1130 1820 nobis
1161 1758 1356 1821 monstratur

240 1857 283 1922 eis
314 1859 416 1924 verbis
447 1880 529 1944 quae
561 1862 738 1944 sequuntur
765 1860 947 1944 meritisque
976 1859 1080 1943 napis
1109 1879 1204 1942 quom
1226 1853 1358 1942 imperio

230 1965 349 2044 puteus,
373 1985 455 2048 quae
474 1963 588 2026 merita
615 1962 693 2049 quin
721 1963 830 2028 eodem
861 1962 955 2028 modo
987 1984 1050 2047 quo
1082 1960 1211 2026 fortuna
1240 1958 1359 2026 illaad
1459 1979 1461 1984 ·
1569 1967 1571 1970 ’

236 2064 541 2150 Argentoratensem
575 2085 736 2152 pugnam*
758 2065 846 2130 brevi
886 2069 960 2130 ante
995 2064 1124 2129 uberius
1167 2063 1358 2149 descriptam

237 2165 403 2232 referenda
425 2167 505 2248 sint,
535 2167 691 2234 dubitatio
713 2167 768 2233 vix
790 2189 857 2234 esse
879 2171 996 2252 potest.
1040 2165 1128 2234 Dicit
1157 2165 1257 2252 igitur
1278 2166 1358 2231 Am·

240 2267 362 2334 mianus
384 2267 551 2337 Julianum'
578 2271 766 2341 Alamannis
801 2269 880 2338 fusis
917 2271 1101 2359 fugatisque
1133 2269 1358 2357 spectatiorem

243 2369 337 2437 fuisse
359 2373 441 2458 apud
463 2375 581 2442 milites
603 2399 700 2461 quam
722 2378 833 2456 antea,
860 2377 915 2442 ubi
937 2398 1001 2441 non
1027 2379 1095 2440 tam
1117 2373 1239 2440 meritis
1262 2396 1357 2460 quarn

239 2473 373 2558 imperio
403 2475 525 2562 aliquid
554 2478 722 2550 valuerit
745 2477 808 2546 Sed
838 2479 913 2564 quid
943 2478 1005 2544 sibi
1035 2477 1105 2544 vult
1135 2479 1251 2543 mirum
1282 2475 1361 2542 illud

237 2579 311 2645 sui?
361 2581 411 2645 Ad
442 2581 595 2647 tuendum
628 2583 806 2670 genitivum
828 2582 978 2649 adferunt
1010 2582 1102 2648 nobis
1132 2582 1239 2647 locum
1268 2579 1361 2646 illum

238 2682 302 2745 iam
335 2704 431 2768 supra
462 2689 744 2750 commemoratum
766 2681 877 2749 XXXI
908 2691 980 2763 7,9
1012 2689 1120 2751 contre
1142 2683 1282 2749 Romani
1311 2683 1362 2750 bis

243 2787 373 2866 ceperitis
395 2789 461 2869 ipsi
478 2808 597 2870 quoque
618 2807 775 2854 ersocnucs
792 2791 980 2854 verebantur
1000 2788 1100 2854 testes
1121 2783 1247 2852 eteocle
1268 2805 1362 2852 socos

248 2905 352 2950 eorum
375 2889 518 2955 doctores
539 2895 575 2954 ut
595 2891 727 2958 rabidas
740 2893 848 2974 feres,
878 2896 1019 2958 eventum
1040 2891 1111 2956 lieet
1138 2889 1308 2973 caespitem
1328 2893 1364 2952 ut

245 3009 374 3055 numero
395 2993 474 3056 sotis
500 2994 679 3076 inferiores,
703 3015 892 3079 prosperum
921 3001 1022 3061 tamen
1052 2993 1089 3060 cb
1116 2993 1281 3058 iustiorem
1310 2993 1363 3056 sut

171 3165 173 3170 ,
244 3111 373 3157 causam
406 3095 560 3161 mentibus
594 3101 805 3182 exspectantes
839 3097 1020 3182 impavidis.
1076 3094 1190 3180 Neque
1225 3116 1301 3161 vero
1335 3095 1363 3159 is

242 3192 380 3258 multum
404 3195 506 3275 valet,
534 3219 605 3263 cum
627 3200 814 3266 Ammianus
836 3199 882 3266 ibi
910 3200 1128 3267 uetustiorem
1155 3201 1208 3265 sui
1235 3218 1364 3264 causam

240 3301 274 3361 ct
295 3320 357 3362 non
381 3300 418 3365 ob
440 3300 603 3366 iustiorem
623 3323 715 3369 suum
736 3323 865 3368 eausam
896 3303 967 3368 ideo
997 3302 1113 3368 dixisse
1139 3302 1296 3381 videatur,
1328 3305 1365 3366 ut

243 3400 318 3484 quid
344 3400 544 3467 interfuisset
571 3404 654 3471 inter
676 3405 798 3472 Gothos
828 3409 860 3470 et
881 3404 1044 3471 Romanos
1074 3405 1195 3471 maiore
1227 3405 1364 3490 quadam

244 3503 276 3566 vi
298 3505 528 3587 pronuntiaret.
573 3505 692 3574 Contra
723 3530 760 3573 eo
790 3508 861 3574 loco
892 3531 988 3594 quem
1009 3505 1063 3572 hic
1093 3513 1266 3574 tractamus
1287 3527 1364 3592 pro·

246 3621 367 3671 nomen
381 3602 466 3693 qdod
494 3613 544 3674 est
571 3631 650 3674 suus
681 3611 786 3676 omitti
816 3633 881 3676 non
910 3610 1016 3676 solum
1045 3612 1153 3695 potuit
1182 3611 1237 3677 sed
1268 3611 1364 3676 etiam

245 3707 365 3787 debuit,
393 3731 464 3774 cum
487 3711 524 3776 de
548 3711 684 3778 aliorum
707 3713 873 3779 hominum
896 3712 1025 3780 fortuna
1048 3713 1177 3780 omnino
1199 3735 1264 3779 non
1286 3735 1365 3800 aga·

245 3814 307 3878 tur.
351 3811 520 3879 Praeterea
538 3816 564 3880 si
588 3817 664 3900 quid
682 3821 766 3882 recte
789 3817 892 3882 sentio
909 3816 1011 3884 altero
1033 3815 1090 3883 illo
1108 3815 1181 3902 loco
1203 3816 1365 3903 genitivus

243 3915 297 3980 sui
314 3935 351 3980 eo
374 3917 475 3981 multo
497 3917 535 3981 fit
552 3907 751 4005 tolerabilior
770 3917 853 4003 quod
871 3921 1038 4002 praeterea
1059 3917 1250 3987 adiectivum
1268 3918 1364 3984 iusti-

333 4141 351 4211 ¹)
369 4139 411 4196 ed.
429 4143 498 4198 tom.
518 4141 544 4194 II
562 4159 588 4213 p.
606 4142 657 4198 240
675 4160 715 4215 sq.
