3308 4934
633 368 842 428 ..29-

175 578 346 646 procurare
375 555 524 622 iubeatur
546 550 731 617 Florentius
752 549 849 616 facile
871 548 1061 634 perspicies,
1085 548 1200 617 nedum
1222 569 1300 634 sup·⁸
1409 619 1411 624 ¹

176 661 286 748 plebis.
333 657 446 743 Itaque
479 660 512 720 et
542 653 706 719 Bentleius
719 655 740 738 ¹)
774 656 805 716 et
828 651 1088 718 Gardthausenus
1118 651 1300 733 insistentes

177 765 322 851 vestigiis
345 760 485 838 Valesii,
518 757 575 842 qui
606 757 820 822 coniecturam
851 756 886 820 in
916 754 1023 826 codiee
1051 753 1155 841 Regio
1187 778 1300 840 supra-

176 869 331 952 scriptam
348 883 525 944 procurrere
547 863 755 947 probaverat,
781 880 960 940 promereare
992 860 1088 927 scribi
1117 859 1299 928 voluerunt.

176 971 242 1036 Sed
263 991 304 1054 ne
325 969 385 1034 boe
407 968 540 1052 quidem
554 969 664 1052 aptum
678 971 733 1036 est.
752 985 932 1046 procursare
945 965 1030 1030 enim
1047 963 1113 1030 sive
1126 982 1302 1044 procurrere

178 1073 232 1137 vel
254 1073 314 1138 hoe
333 1071 386 1137 vel
408 1070 555 1156 quolibet
577 1069 651 1134 loco
674 1068 753 1136 idem
777 1091 846 1136 esse
868 1090 963 1152 posse
981 1071 1078 1152 atque
1093 1068 1181 1151 ¹quod
1197 1065 1300 1152 expli-

183 1179 234 1240 eat
256 1173 437 1262 Wagnerus
448 1173 473 1260 ²)
499 1177 550 1245 ,riu
578 1179 756 1250 eouspeetum
783 1175 896 1247 amira,
928 1174 967 1234 ad
996 1173 1163 1236 comitatum
1183 1173 1298 1234 redire»

184 1277 259 1343 mihi
286 1276 500 1342 demonstrari
529 1275 634 1340 velim.
680 1274 772 1360 Apud
801 1274 1009 1340 Ammianum
1036 1277 1121 1338 certe
1144 1295 1301 1358 nusquam

183 1403 217 1446 ea
238 1378 433 1466 significatio
456 1379 616 1444 invenitur
648 1399 685 1442 ao
717 1401 844 1455 uereor,
882 1381 918 1441 ut
949 1377 1078 1444 omuino
1110 1376 1301 1444 inveniatur.

180 1483 315 1570 Scripsit
338 1487 456 1561 autem,
480 1481 513 1546 ni
535 1481 641 1546 omnia
664 1480 862 1559 molebant,
884 1480 1091 1546 Marcellinus
1115 1484 1302 1558 siprape·

179 1606 275 1648 rare
297 1583 511 1648 dissimulasset
531 1583 551 1647 i.
575 1605 601 1648 e.
625 1582 688 1648 nisi
710 1581 861 1647 velociter
883 1583 1010 1648 rediret.
1048 1582 1087 1648 of.
1116 1587 1244 1667 praeter
1265 1605 1303 1648 ea

184 1709 266 1770 quae
289 1687 323 1750 in
341 1686 410 1770 ipsa
431 1686 489 1750 hae
510 1685 715 1772 paragrapho
737 1685 931 1770 praecedunt
952 1693 986 1748 ut
1006 1688 1105 1748 aeuire
1126 1689 1304 1750 adceleraret

190 1787 270 1854 XXI
288 1797 335 1868 13,
358 1797 376 1856 3
392 1792 536 1866 pedestris
549 1791 746 1866 equestrispue
756 1791 881 1850 militiae
892 1791 1047 1866 mapistros
1060 1808 1125 1852 aum
1138 1792 1304 1868 aymiricus

185 1895 320 1954 mammis
346 1911 511 1970 properare
541 1895 646 1970 caepim
678 1890 756 1956 XIV
781 1899 873 1970 11,6
899 1894 1028 1954 restabat
1049 1899 1082 1956 ut
1108 1893 1219 1956 Caesar
1235 1898 1304 1970 past

182 1997 255 2060 laec
276 2002 450 2074 properaret
482 1997 610 2072 accitus;
646 1993 756 2084 XXVI
780 2002 851 2074 7‚3
883 1997 935 2070 um'
957 1997 1027 2080 dum
1054 1998 1209 2058 itiuera'bus
1233 2015 1304 2071 pro-

176 2105 263 2175 perat
284 2101 410 2178 mapua's.

271 2301 321 2370 ΧΧ
343 2309 377 2382 8,
410 2307 457 2368 12.
491 2301 647 2368 'Julianus
678 2302 717 2367 ad
747 2301 970 2368 Constantium
999 2321 1071 2366 aum
1102 2300 1166 2366 alia
1192 2300 1303 2366 scribit

188 2407 255 2468 turn
286 2403 362 2468 haee
391 2407 503 2483 ipuosce
531 2409 623 2470 euim:
656 2424 817 2482 quaecum
845 2407 962 2468 ratioue
979 2411 1142 2482 posauutur
1163 2423 1222 2468 uau
1243 2410 1306 2466 tam·

179 2509 250 2582 fieri
270 2509 353 2582 cupio
374 2527 463 2584 quam
483 2527 503 2570 a
524 2514 552 2571 te
573 2511 662 2571 utttr'a
680 2511 805 2585 meeum
827 2515 854 2570 et
873 2511 1059 2581 matusalae
1076 2515 1130 2570 tua
1146 2514 1305 2586 praecepta

182 2611 286 2672 dmude
313 2627 425 2686 quoque
453 2617 648 2688 suscepturus.
693 2609 828 2676 Videtur
858 2611 1082 2696 corrigendum
1112 2630 1304 2686 essequam

182 2732 201 2773 a
222 2718 249 2774 te
270 2719 397 2790 <ut>
423 2717 547 2776 utilia
564 2716 689 2792 probari
710 2719 738 2778 et
759 2721 846 2778 reatu.

269 2917 318 2986 ΧΧ
342 2925 390 2996 11,
414 2924 464 2997 23,
509 2918 647 2984 Romani
678 2919 845 2987 Bezabden
877 2921 988 2986 urbem
1020 2919 1201 2986 obsidentes
1232 2942 1304 2984 oum

186 3019 240 3083 diu
260 3042 309 3084 res
331 3020 463 3104 ancipiti
485 3023 659 3106 gessissent
681 3027 805 3101 eventu,
830 3023 981 3088 sublimes
999 3026 1170 3086 erexerunt
1187 3043 1303 3108 agges-

187 3127 238 3188 tas
261 3123 412 3208 binasque
434 3124 469 3188 in
492 3125 537 3188 eis
561 3126 798 3200 collocaverunt
821 3125 975 3206 ballistas,
1002 3130 1040 3190 ut
1060 3147 1100 3191 ne
1122 3125 1304 3209 prospicere

93 3278 96 3282 .
183 3225 311 3309 quideru
340 3227 379 3290 de
410 3226 577 3291 moenibus
610 3229 780 3313 quisquam
814 3227 955 3294 hostium
988 3228 1128 3294 auderet.
1183 3227 1305 3293 Tamen

182 3327 298 3392 Persae
335 3328 503 3412 eruptione
539 3329 624 3396 faeta
659 3329 779 3394 strictis
814 3330 929 3416 gladiis
964 3330 1126 3416 Romanos
1162 3331 1304 3417 adgressi

182 3435 266 3510 sunt,
289 3453 373 3516 pone
396 3429 468 3495 aliis
490 3453 563 3495 cum
585 3433 722 3498 flammis
745 3435 951 3516 sequentibus
974 3433 1029 3517 qui
1054 3455 1152 3517 opera
1173 3433 1232 3500 illa
1254 3433 1304 3498 in-

183 3534 362 3599 cenderent.
402 3537 539 3610 Dumque
560 3539 688 3600 Ramaua'
709 3554 788 3598 uuae
808 3538 921 3598 iustaut
942 3538 1106 3600 eedeutr'bus
1126 3556 1206 3601 uuae
1226 3539 1304 3600 ultro

181 3639 352 3700 incessentes
374 3639 530 3712 cereptum,
545 3642 596 3714 qut
618 3641 757 3702 vehebant
771 3641 889 3716 foculos
909 3647 1040 3722 repentes
1057 3642 1174 3704 iucurm‘
1187 3658 1306 3717 prauus

182 3743 274 3803 uur'us
304 3740 415 3818 appesta‘
442 3741 590 3804 inseruere
617 3743 764 3803 immaturis
801 3744 895 3802 ramis
915 3744 1053 3804 arborum
1074 3743 1258 3806 diversarum
1279 3749 1306 3804 et

180 3845 268 3906 amaa
286 3848 313 3903 et
329 3843 493 3918 manipulis
505 3846 662 3906 mustrueta'
679 3861 851 3914 eumarum,
867 3846 919 3920 aui
936 3847 1079 3921 cameratis
1103 3847 1305 3909 r'uccudr'armu

272 4082 290 4148 ¹)
308 4081 378 4135 Mus.
396 4080 450 4134 Bb.
467 4080 508 4135 Na
520 4081 546 4137 S.
565 4081 668 4136 XXXV
686 4101 712 4151 p.
731 4084 790 4138 3394

270 4169 290 4236 ²)
308 4165 350 4222 ed.
369 4168 437 4221 tom.
455 4166 490 4221 ΙΙ.
508 4186 535 4236 p.
555 4167 612 4222 336.
