3308 4934
687 319 953 414 -1e-'

234 531 411 598 liberalium
439 532 595 598 desiderio
621 531 839 598 doctrinarum
869 531 934 616 [at]
957 552 1019 616 per
1054 531 1357 616 Constantinopolim

231 640 443 702 nauseantem
464 635 589 701 oidaat
603 638 750 712 sadran.
783 633 874 710 Quod
891 634 990 720 vulgo
1013 634 1139 700 additur
1161 639 1188 699 et
1211 635 1245 699 in
1267 635 1355 702 codd.

231 739 328 806 deest.
372 739 472 804 Extat
505 741 614 804 autem
644 737 786 803 inaudita
816 737 1030 822 discrepantia
1059 738 1144 804 inter
1175 737 1254 804 haee
1277 738 1355 803 Am·

231 844 330 908 miani
357 843 456 910 verba
483 847 515 908 et
545 866 602 924 ea,
634 865 716 928 quae
738 842 794 908 alii
816 843 989 926 scriptores
1011 843 1049 908 de
1072 842 1122 908 his
1144 843 1240 908 rebus
1262 843 1355 909 nobis

231 947 438 1012 tradiderunt.
454 949 476 1030 ¹)
520 944 600 1012 Cum
634 946 717 1010 enim
739 946 757 1028 ἐ
780 955 799 1014 8
822 945 971 1010 Julianus
1001 967 1113 1011 revera
1141 967 1175 1010 se
1202 945 1265 1010 duo
1287 944 1355 1024 illa,

233 1071 367 1133 quorum
388 1047 556 1116 accusatus
579 1048 631 1128 sit,
654 1047 765 1114 fecisse
793 1049 944 1114 concedat
957 1048 999 1133 ²),
1033 1071 1072 1114 ex
1096 1049 1258 1114 Ammiani
1279 1070 1354 1114 nar-

234 1154 354 1219 ratione
397 1153 538 1238 primum
581 1153 727 1237 sequitur
764 1152 929 1218 Julianum
965 1176 983 1217 a
1018 1151 1147 1218 Macelli
1183 1151 1282 1217 fundo
1322 1152 1357 1216 in

235 1255 434 1341 Cappadocia
477 1256 582 1340 posito
628 1256 738 1320 Asiam
781 1256 985 1342 demigrasse.
1051 1257 1110 1322 Est
1151 1256 1232 1321 mira
1276 1254 1355 1320 haec

233 1359 299 1424 sine
339 1359 437 1424 dubio
477 1358 587 1437 dictio,
632 1381 704 1422 cum
742 1359 839 1426 etiam
874 1358 1074 1444 Cappadocia
1109 1359 1144 1424 in
1179 1359 1257 1423 Asia
1293 1359 1354 1423 sita

232 1462 282 1528 sit.
327 1461 462 1526 Obverti
492 1483 566 1526 sane
597 1466 705 1545 potest
727 1463 837 1527 Asiam
866 1461 1020 1528 hocloco
1043 1485 1106 1530 non
1129 1467 1230 1528 totam
1253 1462 1354 1547 signi-

231 1565 328 1630 ficare
352 1565 462 1629 Asiam
480 1565 635 1632 minorem
656 1587 737 1648 quae
754 1563 871 1630 dicitur
888 1566 942 1630 sed
961 1565 1158 1648 provinciam
1177 1564 1355 1629 Romanam

235 1689 316 1751 quae
340 1668 417 1747 Asia
439 1669 613 1734 vocabatur
635 1669 689 1751 (of.
714 1690 740 1733 e.
763 1690 811 1753 gr.
836 1669 899 1736 Cio.
923 1670 952 1733 d.
976 1669 1052 1752 imp.
1077 1668 1131 1734 Cn.
1152 1669 1263 1753 Pomp.
1283 1669 1354 1751 §43

235 1759 317 1835 Plin.
339 1771 412 1836 hist.
436 1793 465 1836 n.
489 1771 518 1836 V
544 1773 635 1856 102);
665 1776 772 1834 tamen
794 1771 873 1837 haec
894 1772 1016 1838 dicendi
1039 1773 1122 1838 ratio
1144 1773 1205 1837 hoc
1227 1773 1354 1857 quidem

235 1873 304 1939 loco
327 1874 416 1940 valde
438 1879 521 1940 esset
543 1875 700 1950 abstrusa,
724 1895 795 1938 cnm
811 1873 912 1940 multo
931 1874 1107 1959 simplicius
1126 1878 1222 1960 atque
1237 1876 1354 1941 clarius

234 1977 335 2042 dicere
364 1979 523 2062 potuisset
552 1979 636 2060 quod
663 2001 684 2042 a
705 1977 753 2042 M.
768 1979 876 2055 fundo
903 1980 939 2042 in
966 1975 1167 2061 Cappadocia
1186 1981 1290 2060 posito
1310 1980 1355 2043 nd

232 2081 425 2164 Bithyniam
466 2081 545 2164 (sive
584 2080 703 2145 rectius
742 2081 839 2146 etiam
878 2080 1116 2164 Nicomediam)
1156 2082 1355 2162 demionauat.

233 2182 441 2248 Nicomediae
464 2184 547 2248 enim
569 2183 736 2248 Julianum
759 2184 881 2248 artibus
908 2184 1056 2269 ingenuis
1079 2205 1210 2269 operam
1232 2184 1355 2250 dedisse

235 2284 387 2351 Libauius
417 2287 571 2372 magister
594 2288 661 2352 eius
684 2291 830 2352 testatur.
844 2290 865 2371 ³)
910 2285 971 2353 Sed
994 2292 1030 2352 ut
1052 2287 1237 2366 concedam,
1269 2289 1356 2372 quod

235 2389 362 2454 minime
385 2391 531 2470 concedo,
549 2391 595 2456 ite
618 2412 728 2456 revera
750 2391 791 2456 ab
808 2391 977 2456 Ammiano
996 2387 1059 2457 dici
1076 2391 1228 2474 potuisse,
1243 2391 1352 2456 statim

234 2491 297 2558 alia
318 2493 410 2558 nobis
433 2494 579 2579 exsurgit
600 2493 783 2560 difficultas.
828 2493 912 2558 Nam
940 2498 972 2558 et
994 2494 1104 2559 eodem
1126 2493 1252 2560 Libanii
1269 2495 1352 2574 loco,

232 2596 320 2661 ouius
342 2597 444 2680 modo
459 2597 655 2662 mentionem
678 2596 821 2675 fecimus,
840 2598 991 2663 docemur
1012 2597 1199 2690 prinsquam
1222 2619 1256 2662 se
1279 2619 1355 2663 con·

230 2698 339 2764 tulerit
369 2698 591 2766 Nicomediam
621 2700 642 2765 J
646 2700 787 2766 ulianam
817 2700 1017 2785 aliquantum
1046 2702 1200 2787 temporis
1230 2701 1355 2786 degisse

231 2800 521 2885 Constantinopoli,
543 2807 575 2866 et
602 2803 670 2888 ipse
692 2802 841 2869 Julianus
864 2804 1050 2889 priusquam
1073 2802 1280 2871 Nicomediae
1303 2805 1353 2868 in·

231 2904 338 2969 clusus
367 2905 409 2970 sit
437 2926 472 2970 se
503 2927 561 2989 per
589 2912 711 2990 septem
742 2929 865 2972 menses
891 2907 955 2972 huc
976 2911 1073 2991 atque
1094 2907 1172 2973 illuc
1194 2911 1355 2991 raptatum

320 3179 338 3247 ι)
357 3177 398 3232 Ex
416 3181 497 3250 parte
516 3179 612 3250 aliqua
628 3179 681 3236 hoo
699 3180 755 3234 iam
775 3181 903 3236 Valesius
922 3181 1002 3236 vidit.

322 3283 341 3350 ²)
360 3281 455 3336 Verba
473 3281 515 3335 ibi
531 3286 629 3338 extant
647 3285 731 3338 haec:
754 3261 805 3354 'qui
826 3304 886 3339 cum
903 3288 1004 3340 obieeta
1021 3287 1138 3339 dilueret
1156 3287 1356 3354 ostenderetque

233 3377 362 3424 aennon
387 3371 446 3422 aine
472 3371 550 3423 iussu
573 3373 680 3439 fecisse,
705 3373 824 3439 nefando
850 3374 1055 3425 adsentatorum
1083 3381 1158 3426 coetu
1174 3375 1290 3440 perisset
1307 3389 1355 3425 ur·

230 3464 314 3524 penta,
332 3458 363 3508 ni
381 3463 427 3509 ete.

316 3559 338 3624 ³)
355 3558 480 3630 epitaph.
490 3557 631 3614 inJulian.
642 3559 684 3615 ed.
692 3559 785 3615 Reisk.
795 3560 848 3614 vol.
857 3559 869 3612 l
879 3578 906 3629 p.
913 3561 964 3615 526
978 3562 1024 3613 nat
1039 3565 1122 3615 natea
1137 3561 1186 3614 οὐκ
1200 3561 1243 3612 oto
1256 3562 1356 3612 natat-

234 3641 295 3696 dcm
317 3649 521 3699 Κωνστάντιον.
548 3644 645 3707 δείσας
667 3645 698 3698 di
722 3645 762 3717 peip
786 3646 864 3706 πόλις
885 3646 991 3717 μεγάλη
1009 3665 1038 3701 te
1055 3647 1101 3700 nal
1118 3645 1242 3717 μεγάλην
1259 3652 1357 3718 ψῆφον

140 3793 145 3805 .
234 3729 337 3798 ἔχουσα
355 3729 401 3782 καὶ
418 3729 487 3802 πρὸς
503 3727 555 3800 τὴν
572 3733 668 3805 ῥώμην
684 3732 833 3801 εἰκασμένη
851 3732 908 3792 τοῖς
925 3733 999 3793 ὅλοις
1012 3735 1040 3800 (i.
1050 3751 1073 3789 e.
1084 3731 1357 3803 Constantinopolim

231 3814 265 3869 of.
283 3815 379 3872 Zosim
397 3819 445 3884 ΠΙ,
467 3819 505 3884 11,
523 3819 551 3884 4)
569 3814 731 3890 ἒπισπασθῇ
753 3815 823 3888 πρὸς
840 3815 891 3884 τὴν
908 3815 1010 3890 ἀρετὴν
1034 3823 1082 3874 aot
1100 3823 1164 3874 νέου
1183 3816 1229 3870 nni
1246 3819 1361 3886 γένηταί

231 3917 257 3953 τι
280 3908 335 3954 τῶν
360 3900 456 3975 ἐκείνῳ
478 3903 614 3974 λυπηρῶν,
637 3905 741 3971 πέμπει
765 3901 818 3972 μὲν
842 3902 925 3956 αὐτὸν
942 3907 981 3966 οἱς
997 3904 1048 3976 τὴν
1067 3902 1250 3976 Νικομήδους
1267 3903 1357 3970 πόλιν,

229 3987 266 4048 ὡς
284 3988 315 4041 od
334 3991 514 4057 φοβήσοασαν
533 3988 587 4055 loa,
608 3988 796 4042 παιδεύεσθαι
816 3987 848 4042 di
868 3987 991 4046 δίδωσιν
1007 3989 1143 4052 ἐξουσίαν.
1178 3988 1212 4043 cf.
1231 3989 1355 4044 eiusdem

230 4091 365 4144 panegyr.
383 4074 413 4130 in
431 4073 536 4129 Julian.
561 4074 604 4130 ed.
622 4075 716 4130 Reisk.
740 4074 796 4130 vol.
814 4075 827 4128 I
844 4093 873 4146 p.
891 4077 950 4142 lot,
968 4077 1001 4132 20
1020 4094 1080 4154 sqq.
1100 4079 1130 4130 et
1155 4075 1247 4128 Amm.
1273 4074 1358 4134 Marc.

229 4161 308 4214 XXII
326 4163 350 4228 9,
368 4163 393 4214 9.
