3308 4934
777 333 988 393 ..52-

318 510 443 580 Valerii
465 513 639 598 explicatio
662 514 774 597 utique
796 513 922 579 videtur
943 512 1103 578 reicienda
1116 513 1139 597 ¹)
1171 517 1267 597 atque
1296 515 1360 579 alia
1382 515 1445 579 eir-

317 617 554 701 cumspicienda
583 637 651 681 esse
674 615 725 680 vel
754 616 977 700 interpretatio
998 614 1053 680 vel
1075 616 1264 681 emendatio.
1309 615 1446 701 Scripsit

317 723 426 785 autem
437 719 626 785 Ammianus
640 739 712 782 mea
726 718 855 802 quidem
870 719 1028 783 sententia
1038 719 1098 783 ita:
1113 727 1181 796 poe
1196 723 1446 782 administru-

316 826 507 900 <tioocm
530 825 759 898 adep>tom
775 841 836 884 aee
854 828 963 884 medus
981 820 1077 903 eto.²)
1097 820 1309 905 Partieipium
1324 825 1445 898 adeptus

317 925 414 991 etiam
437 921 550 990 XVIII
574 932 603 1003 6,
629 931 644 990 l
667 924 795 1008 passiva
822 924 953 988 notione
983 927 1171 1010 usurpatum
1195 928 1252 988 est.
1298 924 1339 989 ef.
1369 923 1444 987 libri

317 1049 413 1113 quem
448 1028 488 1092 de
523 1027 636 1091 formis
668 1026 797 1113 linguae
833 1027 953 1091 latinae
984 1027 1112 1110 scripsit
1143 1025 1265 1092 Nerius
1300 1025 1364 1091 vol.
1398 1024 1447 1090 11²

316 1153 348 1213 p.
373 1137 445 1198 273.

401 1333 512 1403 xxvii!
539 1341 566 1413 l,
592 1343 641 1402 50.
686 1333 831 1398 Abienus
853 1334 992 1418 quidam,
1018 1333 1073 1416 qui
1091 1332 1214 1398 Romae
1236 1354 1309 1397 cum
1330 1332 1446 1398 Fausi-

317 1457 378 1501 ana
400 1435 522 1500 femina
542 1458 607 1502 non
629 1435 768 1520 ignobili
789 1435 933 1500 libidinis
954 1435 1069 1500 habuit
1095 1436 1336 1514 commercium,
1361 1435 1446 1501 sim-

317 1539 406 1623 plicii
438 1538 576 1604 adventu
611 1538 802 1622 perterritus
832 1538 866 1602 in
897 1542 1020 1602 secreta
1050 1559 1084 1602 se
1121 1538 1210 1602 abdit
1242 1537 1448 1621 receptacula

316 1639 540 1724 Fausianaque
557 1641 707 1704 damnata
728 1641 783 1704 diu
801 1641 886 1725 apud
902 1640 1075 1724 Anepsiam
1099 1641 1260 1724 quandam
1277 1640 1446 1705 delitescit.

316 1743 459 1808 Tandem
477 1743 558 1806 servi
583 1742 719 1807 alicuius
741 1743 858 1807 indicio
881 1743 1026 1827 proditur
1046 1765 1063 1806 e
1081 1741 1214 1807 latebris
1237 1743 1444 1809 abstrahitur.

315 1853 344 1911 ct
365 1848 497 1908 Abienus
518 1848 635 1921 quidem
656 1852 829 1923 eaoppmoto
852 1849 974 1909 crimine
995 1849 1092 1923 stupri
1114 1849 1191 1921 quod
1212 1849 1349 1910 intulisse
1370 1850 1445 1911 dica-

314 1951 402 2012 batur
431 1949 584 2025 Anepsiae
616 1953 706 2008 morte
735 1951 877 2011 amatores
908 1955 958 2013 cet.
1003 1947 1091 2024 Quae
1122 1947 1220 2013 verba
1251 1969 1445 2034 quamquam

315 2048 423 2115 nullus
455 2050 558 2114 editor
579 2050 613 2114 in
645 2050 691 2113 eis
723 2049 872 2128 offendit,
909 2054 1017 2114 tamen
1048 2055 1134 2115 reete
1167 2071 1200 2114 se
1231 2050 1351 2116 habere
1381 2075 1443 2117 non

316 2157 462 2238 possunt.
506 2152 589 2229 Quid
613 2158 661 2220 est
683 2154 785 2234 enim,
815 2177 880 2240 quo
904 2156 1024 2220 crimen
1046 2156 1165 2241 stupri,
1193 2156 1278 2240 quod
1299 2155 1445 2220 intulisse

317 2255 483 2321 dicebatur
513 2257 691 2340 Anepsiae,
724 2262 956 2343 exaggeratum
986 2259 1051 2323 sit?
1095 2257 1234 2322 Omnino
1266 2279 1330 2322 non
1360 2258 1446 2342 quod

317 2357 494 2442 Anepsiam
516 2359 653 2424 violasse
674 2360 850 2444 putabatur
878 2361 933 2424 sed
962 2363 1094 2444 propter
1123 2360 1349 2425 commercium
1374 2381 1446 2425 eum

315 2457 475 2525 Fausiana
497 2461 644 2526 habitum
667 2460 852 2548 Simplicius
880 2483 954 2527 eum
980 2465 1167 2548 persecutus
1197 2468 1261 2542 est,
1284 2462 1445 2546 Anepsiae

316 2584 393 2629 vero
430 2568 577 2649 stuprum
610 2568 648 2629 ut
681 2587 800 2631 novum
834 2567 874 2630 ad
908 2565 997 2651 prius
1029 2565 1111 2631 illud
1146 2565 1267 2631 crimen
1301 2565 1444 2630 accessit.

315 2663 431 2751 ltaque
453 2688 525 2732 mea
547 2667 677 2752 quidem
698 2669 857 2734 sententia
885 2668 956 2732 luce
981 2668 1097 2732 clarius
1127 2670 1176 2732 eat
1198 2668 1243 2732 sic
1272 2667 1368 2732 scribi
1389 2667 1446 2731 de·

313 2768 406 2834 bere:
428 2777 455 2832 ct
476 2771 609 2833 Abiercas
632 2773 750 2848 quidun
771 2779 945 2851 cropperoto
974 2775 1096 2834 almam
1122 2777 1271 2849 stupro,
1300 2773 1378 2846 qood
1398 2774 1447 2832 ὁπ-

312 2875 415 2935 tudisse
435 2873 588 2938 dicebatur
609 2874 768 2952 Anepsiae,
790 2880 880 2936 morte
901 2875 1044 2938 aarum
1066 2879 1115 2936 est.

400 3077 511 3146 xxvio
534 3084 563 3156 2,
587 3085 616 3145 4.
662 3075 814 3143 Gelenius
836 3077 882 3142 ita
905 3076 1019 3142 edidit:
1047 3080 1119 3140 aiod
1139 3083 1237 3142 toraca
1258 3079 1447 3156 mammis

312 3183 649 3247 commentaveram
668 3182 808 3259 morlpert
835 3183 942 3244 inditis
964 3183 1054 3244 labor.
1097 3178 1160 3246 Sed
1189 3202 1262 3245 eum
1289 3201 1349 3264 pro
1376 3183 1448 3242 vicit

315 3282 349 3346 in
370 3281 419 3347 V⁰
451 3285 540 3348 extet
569 3285 630 3346 cicc
660 3286 757 3367 atque
789 3282 823 3346 in
853 3281 915 3346 hoo
947 3282 1055 3348 codice
1086 3282 1211 3348 librarii
1240 3280 1448 3368 neglegentia

313 3384 412 3450 ctiam
433 3386 469 3450 in
490 3385 554 3450 fine
576 3383 748 3450 verborum
770 3384 870 3449 semel
898 3387 995 3469 atque
1018 3385 1137 3450 iterum
1159 3384 1287 3449 litterae
1309 3385 1445 3450 omissae

313 3489 387 3569 siut,
411 3488 501 3554 cuius
523 3488 571 3553 rei
589 3486 737 3572 exempla
759 3486 892 3573 collegit
911 3484 1124 3552 Schneiderus
1146 3484 1168 3552 l.
1187 3508 1213 3550 c.
1232 3510 1263 3572 p.
1285 3494 1314 3567 5,
1337 3487 1445 3552 nescio

312 3607 353 3655 an
375 3590 495 3656 rectius
517 3590 694 3656 scribamus
715 3593 990 3669 viee<ruut>
1011 3597 1109 3654 tuneo
1131 3594 1191 3655 eto.

407 3864 426 3932 ¹)
444 3863 615 3920 Dubitanter
641 3865 694 3921 hoe
718 3865 777 3921 iarn
795 3865 955 3934 Wagner-us
979 3861 1177 3934 pronuntiavit
1200 3863 1231 3919 in
1256 3865 1298 3921 ed.
1316 3867 1385 3922 tom.
1403 3864 1444 3920 111

312 3967 340 4020 p,
358 3949 425 4103 md)
441 4033 571 4106 Meyer-us
585 4033 721 4104 Spirensis
739 4036 864 4107 praefert
875 4053 944 4106 per
961 4037 1326 4092 administrationem
1344 4035 1443 4092 eodem

312 4119 396 4176 modo
415 4119 492 4174 XXX
512 4119 536 4187 8,
555 4119 572 4174 3
589 4135 645 4173 uon
658 4129 723 4188 poet
741 4122 789 4178 sed
819 4138 893 4190 per
911 4123 1139 4188 interropotiouee
1158 4120 1289 4177 scribens.
