3308 4934
776 368 985 429 ..33-

316 550 462 626 qaudam
495 551 677 623 antander,
712 552 823 628 napata
854 556 1004 613 amadan
1037 554 1160 614 annito
1196 556 1325 616 minna
1362 559 1444 618 enisi
1485 583 1489 592 ·

316 670 433 717 maneos
462 655 644 730 eraderent
668 671 721 716 «en
751 657 890 726 Persae»,
925 660 952 716 et
980 657 1099 717 retortia
1116 658 1198 733 plebe
1219 660 1363 721 uniuersa
1384 679 1445 722 eer-

317 757 428 820 naun
462 759 668 821 moenia
706 759 740 820 r'n
779 777 809 820 se
847 761 906 821 tela
944 761 1095 822 declinans
1134 763 1287 839 eparattnr
1320 767 1444 840 nasein.

319 857 519 944 Quamquam
542 859 700 945 nusquam
723 858 801 926 alibi
814 863 837 944 ¹)
860 861 1069 926 exacervandi
1090 862 1223 927 verbum
1241 863 1444 938 intransitive

318 961 449 1042 dieitur,
474 967 631 1049 quantum
653 964 745 1030 rideo
767 985 862 1029 nemo
885 964 919 1028 in
943 985 981 1029 eo
1004 965 1138 1030 offendit
1160 966 1301 1050 exeeptis
1325 965 1445 1034 Corne-

318 1062 436 1131 lisseno
454 1071 487 1132 et
513 1065 685 1154 Madvigio.
722 1066 831 1152 Atque
853 1066 1127 1153 Cornelissenua²)
1159 1069 1287 1154 quidem
1309 1071 1446 1137 coniecit

319 1168 521 1234 scribendum
543 1190 612 1235 esse
626 1173 738 1235 direeta
757 1173 909 1236 anantio
930 1174 963 1233 ln
983 1190 1014 1234 ee
1031 1174 1098 1248 tela,
1111 1170 1165 1236 sed
1184 1193 1247 1236 nun
1266 1172 1370 1238 solum
1383 1174 1446 1239 hoo

320 1274 369 1338 est
390 1272 516 1358 quidvis
538 1271 665 1339 efficere
688 1295 728 1338 ex
750 1273 874 1357 quovis,
897 1261 1015 1337 rerum'
1030 1294 1070 1337 ne
1092 1277 1168 1358 apta
1190 1273 1318 1358 quidem
1340 1277 1447 1341 evadit

320 1375 487 1456 sententia,
511 1397 583 1442 oum
606 1375 686 1441 illud
707 1379 820 1439 duodo
841 1397 972 1461 prorsus
995 1376 1134 1441 otiorum
1157 1378 1253 1461 atque
1274 1377 1447 1444 molestum

322 1499 389 1544 aeae
412 1501 506 1546 nemo
529 1502 594 1546 non
615 1481 731 1546 videat.
776 1478 959 1566 Madvigius
969 1481 992 1564 8)
1015 1479 1115 1544 suerit
1137 1483 1173 1544 ut
1194 1479 1356 1568 legeretur
1377 1503 1447 1546 eaeo-

318 1586 469 1656 taranta,
502 1583 556 1649 sed
587 1584 683 1648 etiam
706 1583 840 1668 propius
863 1583 902 1648 ad
923 1584 1074 1649 traditam
1095 1583 1267 1648 lectionem
1298 1587 1447 1652 accedere

319 1686 450 1771 poteris.
496 1686 730 1753 Antiochenses
761 1687 846 1751 euim
869 1709 941 1750 eum
963 1687 1035 1752 ideo
1057 1686 1177 1770 passim
1199 1686 1389 1770 discurrant,
1411 1695 1448 1756 ut

412 1945 430 2014 ¹)
448 1945 482 1999 ef.
501 1945 600 2002 Boeth.
619 1944 721 2001 consol.
740 1945 840 2015 philea.
859 1945 872 1998 l
895 1946 912 1998 4
929 1963 956 2016 p.
978 1944 1008 1998 1⁶2
1026 1945 1185 2015 edPeiper.
1225 1948 1331 2000 Satisne
1357 1951 1386 2000 in
1404 1967 1445 2000 me

323 2049 437 2100 manaa
471 2033 565 2086 videor
596 2049 768 2086 eaaaeroaeee
797 2033 970 2085 discordias?
1003 2064 1038 2074 -
1072 2031 1175 2086 Lexioa
1201 2030 1287 2086 etiam
1314 2031 1445 2087 obferunt

325 2117 419 2188 Aquil.
438 2118 518 2174 Rom.
536 2117 571 2174 de
589 2119 636 2189 fig.
654 2120 725 2173 sent.
747 2119 792 2172 11:
806 2113 960 2190 Ἐρώτημα,
979 2121 1187 2188 interrogatam.
1217 2117 1259 2170 Eo
1274 2121 1385 2185 utimar,
1399 2121 1446 2172 nbi

322 2208 508 2260 marmanda
525 2208 634 2275 alienia
650 2209 852 2274 interroaamno
866 2213 890 2258 et
900 2221 1030 2274 anaemna
1043 2208 1102 2258 nna
1114 2207 1256 2258 invidiam.
1285 2201 1339 2258 Sed
1349 2221 1446 2273 quam-

324 2307 411 2361 quam
429 2291 587 2346 Martianus
605 2307 718 2362 quoque
737 2289 860 2360 Capella,
880 2289 929 2358 qui
946 2290 1082 2360 Aquilam
1101 2288 1256 2360 exscripsit,
1275 2290 1291 2358 ἕ
1309 2289 1342 2346 38
1359 2308 1386 2359 p.
1399 2290 1449 2344 478

323 2377 365 2433 ed.
393 2378 487 2434 Halm.
514 2378 604 2434 habet
630 2395 690 2432 enm
716 2379 914 2446 interroaando
941 2379 1050 2446 aliquia
1074 2393 1231 2432 aeeroamna
1256 2375 1312 2440 (vel
1346 2392 1450 2430 eoaoer·

276 2481 277 2486 ¹
323 2483 435 2533 oamna;
461 2463 556 2519 Halm.
575 2464 745 2528 acerbamus)
768 2471 792 2516 et
817 2480 1013 2532 aaaqaeramna
1030 2467 1089 2517 eina
1107 2463 1256 2528 invidiam,
1283 2463 1381 2516 tamen
1399 2461 1451 2516 hoc

322 2547 444 2618 Aquilae
462 2549 523 2605 loeo
543 2549 603 2604 eine
621 2547 707 2603 dubio
723 2546 975 2617 aCapperonnerio
989 2549 1064 2602 recte
1083 2548 1269 2601 exacerbando
1287 2547 1449 2601 restitutum

322 2638 372 2702 eet,
387 2635 442 2690 nisi
452 2635 528 2705 quod
542 2651 594 2705 ego
609 2633 728 2689 seribere
742 2633 843 2686 malim
857 2651 887 2686 eo
901 2636 1007 2686 utimar
1024 2636 1072 2687 nbi
1089 2635 1326 2687 exacerbamus
1343 2635 1451 2702 aliquid

322 2724 568 2792 interrogando
582 2730 606 2776 et
620 2737 749 2790 anaemne
762 2723 821 2774 eine
830 2721 971 2776 invidiam.
990 2719 1084 2775 Verba
1093 2719 1169 2774 enim
1184 2718 1282 2788 qualia
1292 2718 1451 2789 Capperon·

320 2808 431 2866 nerium
457 2810 567 2876 secutus
595 2807 686 2862 edidit
713 2806 856 2886 Halmius,
888 2806 957 2862 duas
984 2807 1154 2877 permiscent
1184 2806 1351 2872 sententiae,
1386 2823 1451 2860 uum

322 2893 441 2966 scriptor
458 2894 482 2950 si
500 2911 533 2949 ex
551 2893 661 2948 ratione
681 2892 774 2962 logica
791 2892 871 2962 loqui
896 2892 1012 2948 volebat
1035 2897 1085 2948 ant
1108 2911 1137 2948 eo
1155 2897 1261 2948 utimar
1278 2895 1325 2947 nbi
1343 2910 1452 2947 enaeer·

323 2983 411 3036 tando
428 2980 509 3050 (dat.)
527 2982 635 3050 aliquid
658 2982 861 3048 interroaamna
878 2987 903 3033 et
925 2983 1047 3049 anaendo
1065 2983 1124 3034 eina
1141 2981 1276 3033 invidiam
1293 2977 1386 3034 dicere
1404 2976 1452 3032 de-

322 3067 403 3122 beret
429 3068 480 3121 aut
505 3065 535 3120 id
560 3064 636 3135 quod
663 3081 716 3134 ego
746 3063 853 3118 conieci
880 3064 1011 3133 quodque
1037 3066 1124 3119 etiam
1152 3067 1213 3122 loeo
1238 3066 1288 3121 illu
1315 3063 1451 3119 Martiani

322 3151 455 3223 Capellae
474 3149 697 3207 commendatur.

410 3238 431 3305 ²)
449 3239 584 3293 Mnemon.
609 3236 644 3290 N.
663 3236 689 3291 S.
713 3237 780 3290 XIV
799 3254 825 3305 p.
844 3235 902 3291 273,
938 3236 1091 3292 Contendit
1111 3238 1319 3294 Cornelissenus
1338 3237 1452 3291 auctore

322 3323 542 3396 Eyssenhardtio
561 3323 591 3378 in
620 3323 659 3375 V⁰
676 3325 772 3377 extare
790 3325 988 3378 exacerbando.
1026 3323 1271 3388 Gardthausenue,
1296 3322 1375 3376 cuiue
1393 3322 1453 3376 edi·

322 3411 429 3466 tionem
455 3409 505 3464 ille
530 3427 598 3464 eane
622 3410 734 3464 tantum
761 3408 975 3464 nominetenus
997 3409 1107 3464 novisse
1124 3409 1236 3463 videtur
1253 3409 1356 3476 (neque
1374 3407 1451 3462 enim

323 3495 415 3552 nolum
441 3495 562 3560 xxfla,
584 3496 615 3550 16
639 3495 759 3566 Hauptii
785 3496 975 3551 coniecturam
1003 3500 1123 3550 neminie
1146 3513 1197 3566 pro
1222 3497 1296 3547 modi
1313 3510 1330 3546 a
1349 3493 1452 3548 Gardt-

325 3583 449 3637 hauseno
476 3581 506 3635 in
532 3581 717 3637 adnotatione
736 3583 985 3638 commemoratam
1012 3579 1251 3637 sedetieleX
1271 3579 1310 3645 ll,
1332 3579 1452 3649 lipsius

325 3667 359 3721 Vl
380 3667 548 3737 scripturam
566 3670 767 3737 permovebant,
786 3685 871 3737 quem
889 3684 940 3736 pro
959 3684 991 3722 eo
1010 3667 1086 3736 quod
1104 3665 1339 3736 Eyssenhardtius
1358 3665 1451 3719 minue

324 3757 454 3810 auonrate
485 3753 596 3823 legarat
621 3758 816 3824 promovebant
833 3753 1065 3808 Gardthausenua
1090 3753 1120 3806 in
1147 3753 1293 3807 verborum
1322 3751 1451 3807 ordinem

323 3840 445 3911 recepit,
472 3839 564 3894 denuo
589 3842 622 3895 nt
649 3858 712 3895 suas
734 3839 947 3896 emendationes
964 3839 1094 3909 protulit)
1112 3838 1345 3894 Gardthausenus
1362 3836 1453 3906 igitur

324 3926 360 3981 de
378 3943 413 3982 aa
429 3943 460 3982 re
477 3928 563 3992 tacet,
581 3929 614 3981 ut
631 3930 695 3980 ntra
713 3926 797 3982 leotio
813 3943 912 3982 revera
931 3926 963 3980 in
981 3925 1020 3980 V0
1034 3925 1103 3980 insit
1120 3924 1246 3980 dubitari
1263 3923 1359 3994 possit.
1397 3921 1452 3978 Sed

323 4012 437 4068 etiamsi
451 4011 686 4082 Eyssenhardtiua
703 4014 779 4067 racto
797 4012 876 4081 legit,
891 4010 1053 4080 seriptorem
1069 4011 1256 4068 exacervendi
1269 4009 1354 4066 verbo
1370 4026 1452 4062 usum

324 4113 382 4152 ease
402 4097 475 4154 mihi
493 4097 608 4166 quidem
627 4095 814 4152 videturesse
833 4097 1028 4158 certissimum.

413 4183 433 4250 ³)
454 4181 599 4238 Adversar.
618 4181 679 4236 orit.
701 4199 728 4259 p.
745 4181 803 4237 265.
