3308 4934
671 350 883 407 ..45-

214 533 409 618 reipublicae
443 532 566 597 cladem
593 530 762 595 evaserint.
808 531 858 592 Sic
889 530 1109 608 Adramytenus
1123 530 1145 613 ¹)
1174 531 1342 592 Andriscus

213 637 371 720 depener²)
395 639 517 712 quidam
538 638 657 712 infimae
680 637 767 695 sortis
788 634 829 694 ad
850 651 943 708 usaue
967 635 1211 710 Pseudophilippi
1238 651 1342 696 nomeu

212 736 359 823 evenus)
381 742 463 801 eorm
485 739 686 801 maiouim
698 721 825 797 ‘renium
843 737 962 797 aaaron
973 755 1071 814 mou.
1101 737 1151 798 su
1165 737 1342 800 numeru

212 848 353 908 Macrino
381 847 558 920 inperatore
588 846 689 917 apente
712 843 748 900 ab
770 841 881 901 Emesa
903 842 1115 917 Heliopabalus
1137 843 1228 902 crioil
1249 841 1341 902 Anto·

211 950 313 1009 ninus.
355 950 405 1009 Ita
434 947 556 1022 inopu‘no
587 947 698 1020 impetu
726 945 890 1004 Mauimini
913 943 1084 1006 Alexander
1113 961 1179 1004 cum
1199 943 1342 1006 Mamaea

211 1056 306 1112 matre
326 1051 476 1126 confossus
499 1053 548 1110 est.
586 1050 626 1109 In
648 1047 759 1124 Africa
779 1051 913 1124 superior
935 1047 1108 1110 Gordianus
1128 1049 1163 1108 in
1184 1048 1342 1124 inperium

211 1159 317 1230 rupim
355 1153 576 1214 adventantium
614 1153 815 1226 periculorum
855 1153 1015 1228 unporibus
1055 1153 1217 1228 inplicatus
1250 1152 1342 1210 uitem

212 1261 316 1332 laqueo
338 1258 448 1333 spiritu
469 1257 625 1315 intercluso
642 1256 789 1330 profudit.
834 1253 1008 1336 Ansphors
1029 1274 1088 1337 per
1113 1252 1176 1316 tria
1198 1250 1342 1317 membre

213 1363 339 1424 servale
375 1356 537 1421 evanescit
567 1359 730 1440 postremo
764 1357 845 1432 siue*
863 1357 930 1422 ullu
963 1357 1187 1422 coniunctione
1223 1354 1340 1419 addito.

214 1462 272 1526 eui
295 1461 342 1525 rei
364 1462 410 1525 ita
432 1459 585 1525 facillime
609 1461 800 1538 occurreris,
820 1461 939 1545 sipost
961 1468 1001 1524 esl
1019 1461 1192 1525 inserueris
1210 1465 1258 1533 et,
1277 1479 1341 1542 quo

212 1565 300 1630 facto
322 1565 355 1629 id
377 1585 506 1648 quoque
529 1543 747 1648 ddsequimur‚
780 1569 815 1628 ut
837 1570 907 1629 totu
929 1565 1080 1648 periodus
1103 1563 1341 1651 elegentissime

213 1672 372 1734 excurrat.

301 1857 388 1926 xxvi
414 1867 442 1937 7,
466 1867 487 1925 4
510 1858 689 1941 explicatur
711 1857 750 1921 ad
778 1878 857 1941 quas
879 1857 1052 1942 dignitates
1075 1857 1250 1943 Procopius
1280 1859 1341 1923 mi-

214 1963 330 2026 nistros
362 1982 437 2025 suos
468 1961 628 2026 extulerit.
673 1959 762 2024 luter
784 1982 866 2045 quae
893 1960 1046 2045 leguntur
1068 1961 1166 2024 etiem
1187 1959 1285 2025 haec:
1316 1968 1362 2022 et·

215 2068 434 2126 administratio
456 2068 638 2143 nepotiorum
661 2067 853 2126 castrensium
879 2067 1040 2128 Gomoario
1068 2071 1095 2125 et
1116 2063 1241 2143 Apulae
1262 2083 1342 2126 rcoo·

218 2171 288 2228 catis
318 2172 351 2229 in
382 2175 597 2230 sacramentum
628 2170 816 2230 committitur
845 2170 1021 2240 incausalia,
1052 2174 1086 2230 ut
1116 2170 1214 2229 docuit
1242 2185 1343 2228 rermu

222 2273 311 2330 enitens
328 2273 471 2347 proditor.
505 2269 550 2334 At
567 2273 710 2347 proditne
729 2291 839 2333 revera
863 2270 967 2333 exitus
986 2291 1054 2333 rem
1075 2269 1199 2334 ullum?
1216 2272 1342 2346 prodam

222 2369 300 2434 nihil
325 2374 412 2437 uliud
442 2379 490 2437 est
519 2373 581 2436 nisi
612 2377 737 2446 edicere,
769 2377 911 2436 indicare.
954 2372 1171 2456 Expectamus
1194 2375 1342 2437 autema

219 2474 371 2558 scriptore
402 2476 523 2540 dictum
555 2498 622 2540 esse
655 2476 742 2540 exilu
773 2498 928 2561 apparere
950 2480 1058 2540 utrum
1080 2480 1166 2541 recte
1188 2497 1230 2540 au
1251 2495 1342 2540 secus

217 2576 324 2662 alique
354 2601 405 2643 res
437 2579 523 2644 facta
554 2580 605 2643 sit.
649 2577 763 2664 Itaque
795 2579 874 2644 mihi
907 2579 1035 2664 quidem
1063 2579 1342 2664 persuasissimum

216 2685 265 2744 est
288 2682 452 2766 scripsisse
476 2682 682 2746 Ammianum
712 2689 745 2744 ut
774 2686 872 2746 docuit
902 2703 1000 2745 rerum
1023 2687 1118 2746 caitus
1135 2686 1342 2760 probator.

216 2783 257 2845 cf.
281 2783 370 2849 Ovid.
402 2789 476 2849 mel.
500 2782 549 2849 ΠΙ
572 2793 632 2853 349
656 2802 702 2869 sq.
754 2789 838 2848 Vana
868 2789 921 2848 diu
950 2791 1016 2848 oisu
1047 2793 1089 2848 est
1117 2805 1172 2848 non
1203 2787 1341 2862 aupuris·

217 2889 311 2947 cuitus
341 2891 425 2951 illam
446 2891 560 2964 Resque
584 2893 692 2966 probat
720 2892 779 2952 etc.
824 2889 930 2953 Aliter
952 2889 990 2953 de
1013 2888 1168 2954 hocloco
1191 2887 1343 2953 iudicavit

217 2986 457 3056 Cornelisseuus
469 2991 494 3075 ⁴)
518 2991 573 3075 qui
596 2991 732 3056 coniecit
754 2992 956 3056 scribendum
979 3014 1047 3056 esse
1069 3000 1102 3054 ut
1124 2995 1223 3058 docuit
1243 3013 1343 3056 rerum

216 3095 311 3154 cuitus
341 3097 539 3171 proditarum.
590 3093 678 3170 Quae
710 3094 894 3159 coniectura
928 3095 999 3159 ideo
1035 3094 1118 3160 falsa
1153 3103 1219 3176 est,
1254 3097 1341 3182 quod

305 3301 322 3366 ¹)
341 3301 386 3357 Sic
409 3301 507 3371 scripsi
530 3317 581 3370 pro
606 3301 723 3370 vulgato
741 3303 956 3370 Adramyttenus
973 3301 1010 3370 (V
1028 3301 1116 3358 hebel
1132 3304 1340 3367 Adramtcnus).
1414 3337 1416 3342 ,

215 3386 330 3442 Praeter
348 3389 414 3442 XIV
435 3388 473 3452 11,
492 3388 524 3442 31
542 3389 758 3455 Adramytenum
776 3391 944 3441 Andriscum
962 3388 995 3442 ef.
1014 3389 1070 3443 Cic.
1084 3407 1135 3459 pro
1144 3389 1234 3444 Flacc.
1251 3389 1340 3456 13,31.

217 3471 311 3526 Etiam
329 3473 439 3527 nummi
458 3473 579 3527 formam
596 3472 677 3526 illum
695 3472 793 3526 litters
811 3476 824 3526 t
841 3473 929 3527 semel
946 3473 1039 3543 positu
1057 3473 1205 3540 exhibent,
1231 3474 1265 3530 de
1285 3493 1341 3544 qua

214 3575 243 3612 re
261 3558 326 3612 ride
344 3558 452 3616 Eckhel
471 3559 504 3613 D.
524 3557 557 3612 N.
576 3559 609 3612 V.
628 3561 648 3612 l.
666 3559 683 3612 2
701 3576 727 3627 p.
745 3558 804 3614 440.

302 3646 323 3709 ²)
341 3643 378 3696 V:
397 3648 429 3699 de
445 3663 557 3713 ponere,
585 3662 653 3700 corr.
673 3643 881 3699 Cornelissenus
909 3643 958 3713 qui
982 3644 1019 3700 ad
1043 3645 1234 3702 coniecturam
1260 3662 1341 3702 susm
1378 3635 1380 3638 ¹

213 3727 391 3796 probandum
418 3729 526 3785 adferre
551 3730 646 3799 potuit
664 3731 774 3799 Ampel.
791 3729 841 3783 lib.
860 3735 975 3784 memor.
1012 3731 1063 3784 XV
1081 3733 1098 3786 5
1122 3750 1150 3802 p.
1171 3732 1202 3785 15
1222 3731 1340 3787 Woelffl.

213 3815 466 3883 Pseudophilippus
482 3820 527 3869 oir
544 3819 665 3885 plebeius
683 3825 707 3870 et
725 3819 883 3885 deponar
903 3824 948 3869 etc.

299 3902 320 3968 ³)
336 3898 417 3954 codd.
435 3909 550 3965 moetus,
569 3900 689 3956 correxit
707 3902 806 3958 Petrus
820 3899 965 3956 ducellus.
985 3900 1019 3956 cf.
1032 3901 1096 3955 XIV
1109 3902 1147 3968 11,
1157 3901 1191 3956 31
1204 3904 1341 3971 Adramy-

211 3990 303 4036 tenum
320 3984 490 4039 Audrr’scurn
508 4025 514 4038 .
534 4026 540 4038 .
559 4026 565 4039 .
584 3990 621 4040 ad
647 3989 876 4057 Pseudophilippi
902 4003 999 4042 nomen
1017 3991 1120 4055 eoeuit;
1145 3986 1265 4043 XXVIII
1281 3988 1341 4043 4.3

210 4071 327 4139 indeque
344 4073 429 4126 umlu
441 4079 540 4140 postea
556 4074 593 4125 ad
609 4075 800 4141 praefecturae
817 4074 927 4142 culmen¹
941 4081 1043 4128 erectus
1060 4090 1083 4127 e.
1102 4091 1129 4142 q.
1147 4091 1168 4127 s.
1187 4091 1208 4127 s.

297 4155 317 4221 ⁴)
335 4152 471 4210 Mnemos.
492 4155 525 4210 N.
544 4155 570 4210 S.
589 4157 654 4212 XIV
672 4176 698 4225 p.
717 4159 769 4212 284
786 4177 826 4225 sq.
