3308 4934
682 297 891 358 ...39-

224 481 340 544 evitent
368 477 449 555 tela,
485 476 601 560 quibus
631 475 740 541 hostes
772 498 856 554 sese,
894 477 920 540 si
951 477 985 542 in
1019 476 1146 542 theatro
1178 477 1350 562 constipati

225 581 406 660 manserint,
430 579 601 645 obruturos
625 600 693 644 esse
716 578 919 664 intellegunt,
937 580 1076 664 perbene
1091 579 1281 648 Ammianus
1303 579 1349 646 sic

223 685 327 769 potuit
357 683 495 748 scribere
526 690 554 746 ct
581 685 699 744 retortis
716 687 798 761 plebs
829 687 970 746 univoca
1001 686 1158 746 croiacus
1186 701 1350 746 cccccc-

221 791 351 850 oandu
381 791 413 847 in
442 805 472 848 sc
496 789 554 847 tela
583 788 735 848 declinans
763 789 916 864 spurcitia·
943 790 1066 862 passim.
1110 784 1157 850 De
1187 784 1350 870 participii

221 889 324 954 futuri
346 889 464 974 passivi
486 887 617 972 propria
632 887 794 952 Ammiani
813 887 1047 973 significatione
1066 887 1257 952 conterenda
1275 891 1349 951 sunt

222 1014 305 1076 quae
320 991 494 1076 disputavit
512 989 682 1076 Langenus
700 989 733 1054 in
752 989 870 1054 Philol.
892 990 954 1058 vol.
979 988 1087 1056 XXIX
1111 1012 1142 1075 p.
1162 998 1223 1060 483
1247 1011 1294 1074 sq.
1309 1027 1347 1036 -—

224 1093 341 1160 Similis
363 1092 546 1177 corruptela
576 1094 665 1156 extat
688 1113 714 1154 e.
737 1113 785 1177 gr.
810 1091 886 1156 XIV
912 1099 940 1169 7,
966 1100 1015 1170 14,
1044 1093 1099 1158 ubi
1121 1115 1180 1178 pro
1204 1092 1347 1160 codicum

225 1196 357 1262 lectione
380 1199 544 1259 adimentia
565 1195 683 1260 dudum
706 1197 864 1258 adimenda
885 1195 1068 1262 rest'tutum
1093 1201 1150 1262 est.

313 1420 401 1488 ΧΧΙΙΙ
425 1429 454 1497 6,
480 1427 496 1484 7
501 1428 530 1486 3.
576 1415 791 1501 Posteaquam
813 1419 847 1481 in
869 1417 1082 1502 descriptione
1104 1418 1245 1484 Persidis
1266 1420 1285 1503 g
1304 1407 1349 1486 '72

222 1524 260 1586 de
285 1521 462 1588 Arachosia
483 1520 651 1606 provincia
673 1519 771 1584 verba
793 1520 887 1599 fecit,
919 1520 954 1584 in
976 1541 1039 1604 qua
1069 1543 1140 1586 cum
1168 1521 1247 1588 alias
1270 1522 1349 1588 civi-

224 1627 308 1688 tates
339 1627 408 1688 tum
439 1623 665 1688 Alexandriam
696 1621 856 1688 Arbacem
886 1621 1065 1708 choaspem
1101 1625 1244 1712 insignes
1280 1646 1348 1692 esse

227 1725 323 1804 dixit,
345 1726 482 1812 scriptor
503 1727 521 1810 ἕ
547 1733 585 1794 73
609 1724 725 1790 transit
746 1726 785 1789 ad
808 1724 1010 1805 Gedrosiam‚
1042 1726 1080 1792 de
1103 1750 1167 1812 qua
1188 1730 1235 1794 ait
1255 1728 1349 1794 haec:

226 1833 354 1892 deitates
371 1833 568 1894 adamatam
586 1833 633 1890 tic
654 1835 724 1892 sant
741 1830 774 1890 in
791 1831 908 1892 deitate
924 1837 1044 1907 practer
1061 1833 1177 1894 icadas
1196 1834 1351 1898 Scdrata'ra

224 1940 250 1994 ct
271 1935 429 2012 Gynaecon
450 1935 539 1994 limen
560 1936 691 1996 meliores
712 1935 840 1995 residuis
862 1936 1063 1996 aestimantur.
1097 1931 1206 1999 Verba
1222 1938 1256 1998 c'n
1277 1939 1350 1998 cici·

222 2043 297 2121 tate,
329 2058 411 2120 quae
434 2036 652 2118 ineptarum,
685 2035 795 2100 omisit
817 2035 990 2115 Castellum
1022 2058 1117 2120 quern
1149 2041 1277 2103 secutur
1300 2042 1349 2103 est

226 2138 409 2202 Accursius.
449 2136 554 2202 Etiam
575 2138 844 2222 Eyssenhardtius
871 2144 904 2204 ct
926 2137 1200 2220 Gardthausenus‚
1233 2140 1349 2226 quibus

228 2261 374 2304 assensus
396 2243 444 2304 est
465 2239 684 2321 Schneideruc‚
699 2244 721 2325 ¹)
745 2265 782 2306 ea
811 2243 901 2307 uncis
923 2241 1130 2322 incluserunt,
1154 2265 1349 2329 quamquam

228 2343 308 2408 mihi
327 2344 448 2428 quidem
468 2344 751 2430 interpolationem
767 2367 861 2430 quam
878 2345 1012 2411 minime
1028 2345 1177 2411 videntur
1189 2345 1348 2424 redolere3

226 2447 343 2511 etenim
374 2447 400 2512 si
429 2448 480 2512 oui
503 2447 582 2512 illud
604 2451 651 2510 uu
673 2471 737 2513 non
760 2447 950 2526 sufficiebat,
982 2453 1067 2514 certe
1090 2470 1155 2513 non
1176 2452 1211 2510 da
1232 2453 1350 2512 civitate

225 2552 279 2615 sed
300 2555 334 2612 a'a
358 2554 503 2616 Gedrosia
526 2551 760 2634 interpolasset.
798 2549 949 2616 Gelenius
971 2573 1030 2636 pro
1052 2556 1086 2613 ia
1107 2553 1224 2616 ciuitate
1246 2551 1348 2636 scrip·

224 2654 267 2718 sit
282 2659 359 2718 inter
375 2659 514 2728 deitates,
533 2655 587 2719 sed
605 2676 645 2718 ne
669 2654 729 2720 hoc
752 2653 886 2738 quidem·
903 2658 1015 2739 aptum
1038 2657 1086 2718 est
1109 2676 1181 2720 cum
1202 2653 1349 2739 proxime

224 2760 389 2824 antecedat
419 2762 558 2821 deitates.
610 2757 699 2843 Ergo
730 2757 794 2822 alia
822 2758 954 2823 sanandi
983 2758 1036 2823 via
1064 2757 1349 2843 circumspicienda

223 2865 280 2925 eat.
329 2862 431 2927 Antea
460 2883 537 2926 vero
561 2859 745 2926 Schneideri
776 2861 958 2926 coniectura
989 2862 1267 2927 commemoranda
1289 2865 1347 2942 est,

223 2965 278 3049 qui
297 2987 369 3030 cum
382 2968 485 3030 totam
504 2964 683 3029 orationem
698 2987 763 3029 uon
777 2963 946 3030 cohaerere
960 2965 1155 3050 perspiceret
1169 2969 1256 3030 recte
1269 2965 1350 3030 mihi

223 3068 318 3132 scribi
341 3067 470 3132 iussisse
493 3067 619 3132 videtur
639 3071 691 3132 scd
712 3071 830 3141 Ratira,
852 3069 911 3134 sub
933 3067 991 3133 illo
1009 3072 1119 3132 Ratira
1140 3089 1259 3133 nomen
1281 3068 1349 3133 eius

224 3172 312 3236 urbis
329 3170 429 3236 latere
452 3171 625 3236 arbitratus
648 3193 729 3256 quae
751 3171 785 3235 in
805 3170 897 3238 libris
915 3170 1094 3237 Ptolemaei
1114 3169 1176 3257 (VI
1195 3173 1249 3256 21)
1267 3174 1350 3236 teste

225 3274 405 3362 Wilbergio
421 3272 603 3359 Ῥαγιραύα,
619 3272 780 3354 ‘Paridem
801 3273 945 3338 ‘Pacata
967 3274 1132 3340 nominata
1155 3297 1226 3341 eum
1249 3274 1351 3340 altera

223 3377 280 3441 illa
304 3379 463 3440 Γυναικῶν
485 3377 574 3456 λιμήν
591 3377 760 3442 coniuncta
778 3376 948 3444 invenitur.
986 3377 1074 3454 Quae
1092 3378 1196 3444 forma
1209 3375 1350 3465 genuina

222 3481 265 3545 sit
301 3484 333 3546 et
368 3481 408 3545 ab
444 3479 616 3544 Ammiano
651 3483 805 3563 usurpata
839 3503 879 3544 ne
915 3502 976 3567 ego
1012 3480 1140 3564 quidem
1176 3479 1348 3546 diiudicare

222 3584 326 3648 ausim
337 3585 379 3668 Ἲς
401 3587 506 3648 totum
530 3605 604 3647 vero
624 3582 822 3646 enuntiatum
843 3583 888 3647 sic
902 3605 1027 3648 mecum
1046 3583 1142 3648 velim
1157 3583 1349 3649 constituas:

312 3845 317 3870 Ι

311 3844 333 3996 ²l
349 3840 674 3995 ilitiariiidiiqauidem
688 3929 796 3984 homini
810 3929 911 3980 harum
925 3945 1018 3985 rerum
1034 3925 1161 3982 omnium
1171 3924 1350 3999 peritissimo,

223 4033 287 4070 cum
312 4011 417 4068 eximia
442 4011 640 4067 benevolentia
663 4013 814 4069 molestum
839 4012 995 4080 quaerendi
1019 4011 1142 4068 officium
1161 4030 1212 4083 pro
1237 4029 1283 4068 me
1309 4031 1339 4072 ru

224 4100 365 4172 coepisset,
381 4097 502 4168 contigit
520 4100 552 4152 ut
564 4114 684 4170 usquam
703 4098 773 4157 alibi
790 4114 893 4156 nomen
911 4097 983 4159 illud
1001 4097 1144 4173 reperiret.
