3308 4934
297 1226 497 1366 Abstineo
507 1297 649 1363 verbosis
660 1296 816 1377 laudibus
827 1296 976 1382 qualibus
986 1296 1131 1382 plerique
1144 1320 1265 1378 eorum,
1283 1298 1339 1383 qni

219 1404 257 1469 de
280 1403 452 1468 Ammiano
474 1400 664 1466 Marcellino
694 1400 950 1466 dissertationem
976 1399 1119 1485 aliquam
1141 1402 1338 1489 conscripse·

219 1512 311 1591 runt,
344 1508 403 1573 sub
425 1507 505 1591 ipsis
526 1503 708 1570 libellorum
730 1504 832 1570 initiis
854 1505 1041 1588 scriptorem
1064 1526 1156 1570 suum
1179 1504 1240 1568 sibi
1263 1504 1340 1570 effe·

219 1611 353 1676 rendum
385 1632 455 1674 esse
485 1608 631 1675 arbitrati
663 1616 746 1674 sunt.
800 1607 913 1693 Neque
946 1608 1030 1674 enim
1061 1606 1250 1677 Ammianus
1282 1607 1341 1672 tali

219 1712 456 1797 praedicatione
477 1717 560 1798 eget,
583 1712 703 1797 quippe
722 1713 778 1796 qui
797 1713 829 1776 in
848 1734 957 1776 eorum
976 1712 1019 1776 sit
1036 1733 1179 1792 numero,
1205 1734 1340 1798 quorum

222 1837 329 1899 opera,
352 1816 625 1900 quotienscunque
647 1816 687 1880 ad
709 1837 747 1880 ea
768 1816 909 1895 redieris,
928 1835 994 1881 non
1011 1814 1116 1880 solum
1133 1838 1206 1882 cum
1224 1837 1341 1902 magna

220 1918 383 2002 voluptate
414 1914 598 1984 sedetiam
627 1941 699 1984 oum
729 1940 793 1984 non
815 1911 966 1984 mediocri
994 1919 1101 1984 fructu
1124 1917 1265 1984 lecturus
1287 1919 1339 1984 sis.

218 2021 332 2106 ltaque
362 2022 484 2088 factum
513 2026 575 2100 est,
607 2026 643 2086 ut
674 2044 745 2087 oum
776 2022 994 2107 superioribus
1017 2023 1214 2107 temporibus
1236 2021 1341 2086 minus

217 2128 373 2190 tractatus
413 2128 497 2190 esset
535 2137 630 2210 quam
670 2125 803 2205 meruit,
847 2129 957 2191 nostra
993 2129 1099 2192 aetate
1139 2128 1340 2210 maximeque

218 2228 532 2294 Gardthauseni
562 2230 700 2296 editione
731 2230 878 2295 confecta
909 2230 1073 2296 nonsatis
1096 2229 1341 2295 emendatailla

220 2331 347 2414 quidem
379 2332 433 2396 sed
463 2336 572 2398 temen
594 2332 782 2417 plerumque
804 2333 983 2398 necessario
1006 2338 1162 2418 apparatu
1184 2334 1340 2398 instructa

219 2433 364 2499 homines
386 2434 546 2522 philologi
568 2440 601 2501 et
617 2435 762 2501 historici
779 2436 899 2501 maiore
924 2437 956 2502 vi
979 2459 1017 2502 aa
1034 2437 1174 2521 pondere
1188 2437 1222 2501 in
1235 2435 1340 2502 studia

219 2536 410 2602 Ammianea
430 2538 660 2604 incumberent.

183 2649 186 2656 '
305 2638 354 2704 Ac
386 2640 525 2723 primum
554 2641 682 2726 quidem
712 2642 745 2706 in
774 2642 929 2708 sermonis
952 2641 1132 2710 Marcellini
1153 2643 1242 2730 leges
1264 2665 1340 2728 pro·

220 2743 437 2828 prietateaque
460 2744 655 2830 indagandas
670 2743 817 2810 nonnulli
830 2745 978 2811 homines
996 2746 1082 2811 docti
1101 2769 1231 2831 operam
1249 2767 1340 2812 suam

220 2845 432 2912 contulerunt.
486 2846 603 2912 Postea
633 2846 716 2912 enim
748 2855 845 2930 qnam
878 2848 1016 2912 editione
1047 2847 1342 2914 Gardthauseniana

222 2949 360 3012 nondum
391 2949 506 3014 emissa
535 2948 892 3035 Kallenbergius¹)
924 2952 963 3016 de
991 2950 1142 3017 infinitivi
1172 2975 1232 3017 usu
1260 2951 1336 3017 Am·

222 3048 348 3114 mianeo
366 3049 450 3114 haud
468 3051 551 3118 male
568 3052 726 3132 disseruit,
745 3075 848 3137 nuper
865 3076 937 3118 curn
955 3053 1118 3120 Hassen
1129 3053 1340 3140 steinus²)‚

221 3151 589 3239 Dederichsiusl),
621 3155 963 3242 Reinherdtus⁴)‚
995 3161 1063 3222 tum
1095 3157 1342 3224 Mhrisman·
1408 3153 1411 3159 ’

220 3255 334 3339 nus⁵),
361 3255 588 3342 Reiterusl)
611 3259 645 3323 in
666 3259 810 3345 singulas
836 3264 1008 3346 syntaxeos
1030 3261 1239 3326 Ammianeae
1265 3284 1340 3347 par-

220 3361 270 3422 tes
298 3359 476 3425 accuratius
505 3360 752 3446 diligentiusque
783 3363 1026 3448 inquisiverunt.
1078 3364 1201 3429 Deinde
1230 3365 1342 3430 studiis

308 3615 327 3682 ¹)
345 3615 526 3681 Quaestiones
544 3621 749 3689 grammaticae
768 3620 960 3678 Ammianeae.
979 3621 1043 3676 diss.
1062 3621 1125 3676 Hal.
1148 3621 1220 3678 1868.

308 3701 329 3767 ²)
347 3703 388 3758 De
406 3706 519 3774 syntaxi
536 3707 682 3763 Ammiani
701 3707 868 3763 Marcellini.
888 3705 951 3762 diss.
969 3707 1129 3778 Regimont.
1151 3708 1224 3762 1877.
1296 3762 1299 3768 ,

276 3786 526 3927 t³)18ngeestiones
551 3792 737 3852 Ammianeae
763 3793 967 3863 grammaticae
992 3795 1021 3848 et
1045 3792 1167 3848 criticae.
1196 3793 1259 3846 diss.
1288 3793 1346 3848 Mo-

222 3887 295 3924 nas.
392 3914 398 3926 .

312 3955 333 4024 ⁴)
352 3956 392 4011 De
412 3962 650 4029 praepositionum
675 3981 727 4019 usu
751 3963 827 4033 apud
845 3922 1034 4017 Ammianum.
1060 3963 1124 4017 diss.
1146 3963 1210 4018 Hal.
1232 3963 1304 4019 1886.

251 4129 261 4182 l
311 4042 331 4111 ⁵)
341 4043 390 4183 {le
404 4045 562 4185 ltgpaporum
578 4057 609 4109 et
625 4050 773 4106 modorum
788 4067 839 4104 usn
854 4049 1029 4104 Ammianeo.
1046 4049 1110 4104 diss.
1121 4049 1192 4119 phil.
1202 4051 1348 4119 Argentor.

221 4145 250 4183 se
263 4131 315 4184 eet.
368 4171 374 4184 .
453 4133 476 4187 6.

309 4217 328 4284 ⁶)
346 4215 386 4272 lte
396 4215 536 4274 Ammiani
547 4221 712 4281 Marcellini
722 4239 774 4277 usu
783 4219 920 4276 orationis
928 4220 1068 4290 obliquae.
1078 4221 1143 4276 diss.
1153 4221 1263 4279 Vireeb.
1275 4221 1349 4277 1887.

1108 4361 1111 4366 n
1133 4325 1145 4379 1
