3308 4934
656 319 866 378 -rr-
1021 361 1026 395 ,

197 511 236 576 cf.
260 510 332 575 Tac.
346 503 490 573 histor.I
513 512 531 571 7
554 525 597 569 um
618 523 658 568 ue
680 502 777 567 ultim
800 479 1009 578 scrutaremini
1031 498 1136 563 Amm.
1161 497 1223 564 XX
1241 505 1274 581 b,
1299 505 1317 564 2

195 619 256 680 ulte
277 609 498 693 comtemplari3
528 603 639 670 XXVI
663 613 690 682 1,
716 611 752 671 ll
777 603 839 668 uite
860 603 1074 679 considerare
1107 600 1190 667 Plin.
1214 623 1263 686 ep.
1287 599 1318 665 V

198 726 246 795 14,
272 725 289 784 5
321 714 475 780 altissime
497 711 668 792 inspicere3
698 705 795 791 Apul.
818 710 894 772 met.
918 704 999 772 VIII
1023 713 1062 774 18
1093 703 1188 770 attius
1217 705 1318 786 quiri-

195 827 263 888 tum
300 842 327 883 1.
363 840 394 902 q.
426 837 450 880 s.
483 836 507 878 s.
562 809 624 876 Sed
660 809 784 876 monuit
819 831 870 874 me
907 807 1056 892 Meyerus
1085 805 1244 892 Spirensis
1281 807 1318 872 de

197 922 386 1010 quaestmue
418 913 585 984 iudiciaria
616 912 671 977 vix
710 918 784 998 apte
825 912 888 977 dici
919 912 1059 977 scrutari
1092 911 1205 990 attius,
1246 931 1316 976 cum

196 1046 292 1091 nemo
315 1023 377 1088 nisi
399 1017 566 1104 Remigius
598 1021 808 1094 accusaretur,
832 1018 943 1079 contra
972 1012 1106 1078 verbum
1128 1015 1319 1098 iuterropote

197 1133 255 1214 (=
276 1123 441 1200 accusato)
464 1140 557 1206 egere
580 1115 772 1182 adminiculo
795 1117 953 1182 uerius.

285 1365 334 1434 XV
357 1373 386 1443 7,
403 1371 433 1430 3.
467 1359 648 1440 Diebusque
657 1358 773 1440 paucis
787 1356 902 1420 secutis
916 1375 987 1420 cum
1001 1355 1109 1421 itidem
1120 1355 1206 1440 plebs
1221 1359 1320 1423 ercito
1370 1337 1385 1362 ⁹

200 1471 303 1536 cetere
321 1489 381 1550 quo
397 1465 561 1537 cousuevit,
582 1462 652 1526 uiui
670 1459 830 1525 ceusuudo
844 1459 995 1542 impium,
1013 1459 1056 1523 od
1070 1458 1320 1542 Septemzodium

202 1571 394 1636 couueuisset
415 1567 557 1632 celebrem
579 1565 696 1637 iocum,
718 1563 773 1628 ubi
794 1563 897 1645 operis
920 1561 1078 1628 ambitiosi
1099 1561 1320 1646 Npmpbueum

206 1673 340 1736 Murcus
362 1669 498 1734 coadidit
518 1670 706 1750 imperator,
737 1665 813 1730 ittuc
834 1666 872 1730 de
894 1665 1057 1730 industrie
1074 1684 1209 1748 perpeus
1225 1687 1321 1748 pree·

204 1775 307 1854 fectus
328 1773 365 1838 ob
384 1773 471 1836 omui
491 1777 563 1854 topu
585 1769 844 1853 apparitioneque
866 1767 1035 1850 ropobotur
1057 1767 1197 1847 emireius,
1225 1789 1265 1833 ue
1285 1769 1320 1832 iu

205 1875 435 1940 multitudinem
456 1893 489 1940 se
511 1873 713 1956 udroqumtem
744 1873 915 1937 immitteret
936 1875 964 1936 ct
985 1871 1154 1945 miuucem,
1183 1891 1222 1936 ec
1243 1892 1321 1938 com·
1381 1870 1382 1874 ’

203 1980 335 2044 motique
351 1979 497 2061 pristimo
515 1977 713 2041 suecimtem:
737 1973 882 2060 difficilis
899 1974 942 2038 od
958 1993 1106 2056 pauorem
1127 1978 1207 2045 recte
1228 1977 1322 2039 tetm-

202 2083 251 2146 dit
268 2081 355 2158 adeo,
374 2084 411 2144 ut
429 2097 497 2143 emu
514 2080 744 2162 obsequcutium
750 2095 831 2160 pers
844 2075 995 2142 desereret
1008 2077 1077 2140 ticet
1097 2077 1134 2140 iu
1149 2075 1322 2158 periculum

200 2183 406 2259 festiuuutem
442 2185 615 2264 abruptum.
671 2177 709 2243 In
743 2178 849 2244 verbis
888 2199 968 2263 quae
1009 2177 1162 2264 exscripsi
1195 2182 1322 2244 secutus

209 2282 485 2364 Gardthausenum,
502 2281 771 2348 Wilemowitzius
794 2282 893 2346 suasit
915 2285 951 2345 ut
972 2282 1165 2366 corrigerem
1187 2281 1212 2349 S
1218 2283 1320 2366 epti·
1386 2279 1391 2290 ’

206 2386 368 2465 eonium·
388 2387 441 2450 sed
462 2384 583 2450 sufficIt
602 2384 740 2449 fortasse
763 2383 926 2468 scripsisse
942 2381 1213 2465 Septizodium,
1240 2406 1322 2469 quae

204 2486 338 2552 nominis
359 2487 461 2552 forme
480 2488 607 2572 saepius
626 2507 794 2551 occurrens
817 2484 870 2570 (cf.
889 2483 1013 2550 Htilsen
1031 2483 1249 2573 Septizonium
1265 2496 1321 2564 34;

202 2587 323 2654 Jordan
343 2589 460 2656 Forma
481 2587 580 2656 Urbis
603 2587 724 2656 Romae
748 2595 788 2657 37
812 2592 844 2653 et
876 2585 1119 2674 ,Topogrephie
1149 2592 1205 2657 der
1232 2589 1323 2658 Studt
1348 2618 1352 2624 ·

201 2691 284 2756 Itum
311 2694 356 2757 im
378 2691 582 2758 Alterthum“
608 2689 640 2758 II
664 2699 722 2760 511
739 2692 784 2776 Ι))
808 2691 914 2756 nescio
938 2713 978 2755 an
1000 2691 1171 2762 Ammiano
1195 2717 1322 2782 quoque

201 2795 299 2860 tribui
321 2797 432 2880 possib.
478 2793 540 2861 Sed
568 2795 655 2860 aliud
685 2795 781 2860 ctiam
803 2799 902 2859 restet
931 2794 1163 2880 corrigendum.
1208 2797 1323 2864 'I’otam

202 2899 287 2962 enim
322 2900 511 2978 orationem·
535 2921 600 2963 non
637 2899 719 2963 bene
752 2900 925 2983 procedere
960 2897 1029 2982 ipse
1065 2897 1323 2966 Gardthauseuus

201 3001 337 3067 sensisse
354 3002 488 3082 videtur,
512 3023 584 3066 cum
607 3006 681 3086 post
702 3003 886 3067 seeoimtem
907 3006 1041 3086 poneret
1061 3001 1164 3069 colon.
1209 3002 1322 3088 Neque

202 3126 278 3170 vero
310 3102 368 3168 tuli
398 3105 656 3190 interpunctione
690 3105 864 3190 quidquem
893 3105 1063 3171 lucramur.
1111 3104 1146 3171 Si
1180 3107 1324 3191 protasia

202 3229 304 3291 usque
330 3207 370 3271 ad
396 3211 569 3292 imperator
596 3210 757 3294 pertinere
777 3210 842 3286 vis,
874 3213 947 3274 unte
969 3207 1114 3293 deficitis
1144 3209 1324 3275 necessario

202 3309 360 3393 particula
380 3312 454 3376 sed
475 3311 642 3375 inserenda
664 3316 727 3388 est;
750 3311 800 3374 sin
821 3331 907 3390 sero,
929 3311 962 3376 id
985 3312 1070 3395 quod
1092 3311 1171 3376 mihi
1195 3311 1323 3396 quidem

203 3412 401 3498 praeplacet,
438 3413 592 3498 epodosIn
626 3415 766 3499 incipere
801 3418 895 3497 putas
925 3435 944 3478 a
976 3413 1134 3478 vocabulo
1170 3412 1338 3500 difficilis.

205 3513 307 3581 facere
340 3538 406 3582 non
436 3516 557 3600 poteris
588 3517 665 3600 quin
684 3538 745 3601 pro
767 3515 845 3581 iiiuc
879 3517 998 3581 scribas
1029 3515 1232 3600 iiiucque.
1276 3515 1325 3581 De

291 3775 309 3840 ¹)
327 3771 441 3828 Erravit
458 3773 594 3830 Jordanus
613 3791 675 3828 cum
695 3755 800 3828 diceret
817 3772 847 3827 in
866 3773 1009 3829 Ammiani
1034 3774 1112 3832 codd.
1131 3776 1221 3834 inesse
1238 3777 1325 3846 Septi·

201 3859 320 3914 rodium.
364 3857 456 3912 Extat
477 3858 645 3914 vocabulum
674 3857 749 3928 apud
777 3857 958 3914 Ammianum
985 3875 1041 3916 uno
1070 3857 1123 3914 hoc
1149 3860 1211 3918 Ioco
1242 3878 1326 3931 quem

202 3947 368 4009 tractemus,
386 3943 483 4013 ibique
501 3946 531 3998 11
548 3943 767 4014 Eyssenhardtio
790 3948 819 4000 et
837 3944 1051 4002 Gardthauseno
1076 3946 1149 4001 teste
1167 3947 1193 4002 V
1210 3947 1328 4015 praebet

203 4029 390 4169 guodllsupra
421 4027 486 4084 dedi
508 4031 736 4100 Septemzodium,
768 4050 801 4088 ex
832 4050 887 4102 quo
913 4033 1130 4104 Septembrium
1161 4032 1229 4092 fecii
1253 4033 1330 4118 Petr.
1364 4007 1366 4013 Α

227 4117 287 4170 aste
311 4132 350 4169 us.

1121 4219 1138 4272 2
1188 4171 1191 4182 .
