3308 4934
669 415 880 477 ..19-

216 625 255 668 re.
269 605 291 688 ¹)
337 599 471 684 Scripsit
493 599 594 686 igitur
619 597 805 664 Ammianus
834 597 886 662 hio
915 620 1043 682 quoque
1070 597 1219 664 Omnium
1240 593 1339 664 oculis

215 709 249 771 in
271 726 359 773 eum
376 704 516 769 contuitu
528 702 687 784 pertinaci
703 701 843 765 intentis.
888 701 927 764 ci.
947 697 1043 765 XXII
1058 708 1121 780 2‚4
1143 703 1340 786 stipatusque
1419 688 1422 693 ¹

213 812 406 876 armatorum
428 811 457 872 et
478 809 653 888 topatorum
679 803 861 886 aqminibus
891 802 974 868 reiut
996 805 1063 869 acie
1093 805 1267 870 ducebatur
1288 805 1338 868 in·

213 915 335 978 structa
355 911 497 976 amnium
519 905 620 972 ocutis
647 911 679 970 in
701 927 771 971 eum
799 926 865 970 uon
892 906 984 971 modo
1013 909 1154 972 contudu
1185 907 1340 972 destinato

215 1014 273 1078 sed
302 1034 369 1078 cum
405 1010 620 1077 admiratione
649 1029 762 1092 maqna
792 1008 912 1093 definis.
961 1007 1074 1074 Ortum
1110 1014 1159 1074 ast
1189 1010 1338 1074 mendum

218 1115 371 1182 vocabulo
394 1136 466 1180 eum
483 1135 541 1198 per
563 1133 704 1177 errorem
726 1111 771 1176 ais
789 1111 895 1175 verbis
913 1133 995 1196 quae
1018 1117 1195 1198 sequuntur
1213 1135 1338 1177 accom-

219 1221 352 1285 mndata.

299 1407 360 1476 XVI
388 1413 438 1485 12,
461 1413 490 1473 3.
539 1403 639 1470 butas
664 1403 720 1487 (sc.
743 1402 882 1469 Scutarii
911 1405 1079 1490 perfugae)
1108 1406 1341 1472 adseueratione

215 1514 324 1578 endem
346 1508 481 1575 subinde
501 1502 685 1590 replicantis
707 1507 749 1571 ad
770 1509 894 1573 maiora
916 1507 1073 1573 stimulati
1085 1509 1212 1594 fiducia
1232 1511 1340 1574 missis
1451 1539 1454 1548 v

215 1615 328 1696 ieqatis
349 1617 425 1677 satis
440 1631 499 1693 pro
520 1611 655 1692 imperio
679 1607 807 1675 Caesari
828 1611 1060 1676 mandaverunt
1083 1612 1138 1696 (so.
1154 1609 1339 1695 Alamanni)

219 1721 255 1779 ut
275 1715 370 1779 terris
399 1715 571 1779 abscederet
600 1713 715 1777 uirtute
744 1713 806 1777 sibi
828 1715 981 1795 quaesitis
1011 1718 1040 1778 et
1054 1717 1155 1791 serra.
1198 1712 1283 1778 Mala
1306 1736 1339 1780 ae

221 1817 338 1882 habant
359 1819 418 1882 duo
440 1815 575 1882 ablativi
602 1815 642 1880 ad
672 1816 876 1900 participium
899 1815 1056 1881 stimulati
1077 1817 1251 1896 referendi;
1282 1841 1339 1884 ne·

220 1925 364 2004 quotam
387 1920 505 1984 fiducia
535 1913 573 1982 ad
607 1917 727 1982 maiora
749 1917 922 1984 Alamanni
953 1919 1109 1984 stimulati
1139 1925 1213 1985 sunt
1244 1944 1339 2006 quam

218 2022 355 2088 scutarii
385 2023 494 2088 verbis
525 2021 674 2095 effectum
705 2024 769 2101 eat,
803 2027 839 2086 ut
869 2023 991 2088 maiora
1022 2023 1182 2088 auderent.
1227 2022 1340 2108 Itaque

217 2127 279 2191 nisi
300 2148 359 2210 pro
389 2122 545 2190 stimulati
572 2144 727 2209 reponere
756 2125 856 2190 mavis
880 2119 1126 2204 stimulata,
1158 2126 1203 2190 sio
1232 2127 1340 2216 potius

218 2229 419 2293 scribendum
442 2231 490 2292 est
510 2229 602 2293 cuius
620 2226 854 2293 adseveratione
876 2228 984 2293 eadem
1006 2227 1139 2294 subinde
1155 2229 1340 2311 replicantis

220 2333 263 2396 ad
293 2331 492 2396 maiorem
522 2328 681 2395 stimulati
703 2329 925 2407 fiduciam
958 2334 1016 2395 ato.
1048 2369 1087 2378 -
1115 2329 1217 2396 Paulo
1248 2330 1341 2398 aliter

218 2455 252 2499 se
272 2455 322 2499 res
344 2433 441 2499 habat
462 2431 574 2498 XXIX
598 2441 626 2512 6,
652 2440 691 2499 14
723 2451 782 2514 qno
803 2433 955 2500 intellecto
978 2432 1145 2500 Sarmatae
1172 2437 1340 2518 saqacissi·

216 2540 261 2602 mi
282 2559 344 2603 non
366 2541 524 2620 expectato
547 2536 691 2601 certandi
712 2537 803 2618 siquo
824 2537 967 2602 sollemni
989 2537 1184 2603 Moesiacam
1200 2540 1341 2622 primam

214 2642 389 2719 incessunt,
418 2641 556 2720 dumque
583 2638 699 2702 milites
729 2659 820 2704 arma
848 2641 975 2705 tardius
999 2661 1061 2722 per
1090 2641 1261 2707 tumultum
1290 2665 1341 2707 aa·

212 2745 347 2826 pediunt
377 2744 553 2820 interfectis
580 2741 733 2824 piurimis
768 2746 854 2808 ancti
880 2744 1006 2828 fiducia
1041 2746 1139 2810 abiem
1168 2766 1342 2828 perrupere

220 2845 455 2923 Pannonicum,
487 2843 543 2907 ubi
571 2845 667 2909 verba
696 2845 870 2928 intersectis
886 2847 1041 2930 piurimis
1072 2851 1139 2911 arte
1171 2847 1341 2912 cohaerere

221 2948 367 3012 videntur
389 2969 460 3011 oum
485 2946 530 3010 eis
553 2969 632 3030 quae
654 2949 860 3033 praecedunt,
885 2952 971 3015 ancti
984 2951 1110 3036 fiducia
1130 2971 1206 3015 vero
1229 2973 1287 3034 par
1309 2973 1341 3016 se

222 3052 295 3112 stat.
340 3047 539 3132 Quamquam
561 3048 621 3112 hoo
643 3073 769 3135 quoquo
791 3057 910 3117 aucta
925 3053 1049 3130 fidncia
1070 3051 1174 3136 magis
1191 3050 1341 3135 placeret.

221 3151 261 3216 cf.
284 3149 364 3215 XXI
392 3159 420 3229 3,
445 3159 463 3218 3
495 3153 585 3216 mins
611 3155 743 3219 interitu
774 3159 874 3220 erecta
904 3154 1110 3220 barbarorum
1131 3155 1257 3240 fiducia
1278 3155 1343 3221 no-

217 3256 388 3336 mauisque
406 3255 451 3320 ad
471 3254 561 3318 ducis
590 3256 763 3320 uindictam
792 3257 931 3321 accensis
960 3261 1114 3322 certarnen
1142 3259 1344 3322 coutncittitnr

219 3359 412 3422 obstinatum
430 3362 463 3421 et
481 3354 591 3422 XXXI
608 3365 657 3437 10,
677 3366 714 3426 13
737 3361 793 3440 qni
815 3381 851 3424 eu
868 3379 903 3423 re
920 3361 1100 3424 animorum
1117 3365 1210 3426 aucta
1219 3361 1345 3445 fiducia

219 3511 225 3524 .
248 3512 255 3525 .
277 3507 284 3521 .
307 3512 314 3525 .
335 3465 453 3525 montes
475 3461 627 3524 scandere
643 3462 840 3529 nitebantur.

307 3649 364 3717 xvi
391 3656 440 3729 12,
466 3656 515 3716 11.
565 3653 636 3714 Iam
664 3650 795 3714 diesin
825 3650 990 3716 meridiem
1016 3653 1128 3733 rcrqit,
1159 3651 1345 3718 lassitudine

223 3768 280 3812 nos
302 3751 426 3815 itineris
440 3753 596 3834 satiqatos
618 3751 797 3833 scrupulosi
818 3755 960 3817 tramites
988 3754 1145 3835 excipient
1166 3759 1194 3818 et
1222 3755 1346 3820 obscuri

222 3901 378 3918 ......
402 3857 532 3935 quaesi
560 3855 683 3919 dederit
711 3856 879 3937 quisquam
907 3856 1060 3921 commode
1084 3877 1178 3938 posse
1203 3860 1345 3938 transiri,

311 4041 329 4107 ¹)
347 4041 421 4095 Nam
446 4043 522 4099 Caes.
545 4043 576 4096 B.
600 4041 632 4096 G.
650 4041 690 4096 Ill
715 4041 748 4097 22
772 4054 852 4114 atque
876 4049 907 4098 in
932 4064 963 4100 ea
987 4065 1017 4100 rc
1042 4051 1163 4102 omnium
1187 4057 1344 4106 nostrorum

220 4130 333 4181 intentis
351 4131 465 4197 anirm's,
483 4145 567 4198 quam
587 4128 679 4183 locum
698 4129 815 4185 fortasse
834 4131 976 4202 quispiam
995 4135 1092 4186 contra
1110 4133 1235 4203 adferat,
1258 4135 1345 4190 verba

220 4217 251 4266 in
270 4231 299 4267 eu
318 4232 349 4268 re
367 4231 423 4268 non
442 4217 485 4269 est
503 4231 551 4268 our
570 4214 606 4267 ab
625 4214 765 4270 adiectivo
784 4221 896 4270 intentis
912 4211 1071 4286 'dependere
1089 4235 1242 4273 sumamus.

1108 4319 1138 4371 2*
