3308 4934
803 399 1012 459 ..30-

346 577 442 638 aridis
454 579 641 640 marimcutis
654 580 716 640 iam
733 582 937 642 cremabantur
949 581 1092 642 militibus
1106 600 1170 642 cum
1183 582 1302 645 intactis
1319 589 1471 648 tormentis

345 679 775 758 tutudepcriculcsadtyrcssis.
790 715 830 728 -
842 679 944 745 Miror
956 680 989 745 in
1002 679 1073 745 loco
1089 703 1183 765 quem
1198 686 1352 770 exscripsi
1365 687 1470 752 nemi-

345 801 419 844 nem
429 781 532 846 adhuc
546 780 725 862 offendisse,
737 782 792 866 qui
806 783 934 868 quidem
946 783 1025 849 mihi
1034 782 1253 870 rideturinter
1266 790 1469 874 corruptissi-

344 904 414 948 mos
427 905 504 950 essa.
523 883 705 949 Pronomen
719 889 779 963 qui,
791 887 876 971 quod
887 885 1007 972 legitur
1020 891 1093 970 post
1106 907 1278 965 carrarum
1291 895 1418 957 tantum
1429 895 1469 958 ad

346 1007 453 1052 ramos
464 987 593 1053 iuncum
603 1009 775 1053 cannarum
785 988 965 1074 manipulos
977 989 1090 1055 referri
1098 994 1213 1074 potest.
1237 992 1307 1069 Quo
1318 996 1345 1059 si
1355 996 1468 1061 referi-

344 1111 424 1168 mus,
434 1090 572 1174 primum
582 1090 680 1155 verba
689 1095 830 1170 conceptis
838 1095 1039 1156 incendiorum
1053 1093 1151 1157 aridis
1162 1099 1349 1160 autmuicutis
1363 1099 1467 1183 expli-

344 1192 411 1255 cari
434 1213 497 1257 non
518 1196 662 1277 possunt.
707 1193 789 1270 Quid
811 1195 896 1259 enim
919 1196 1079 1281 significat
1109 1195 1190 1261 ill-ud
1212 1203 1377 1277 macentia?
1414 1202 1467 1267 An

343 1295 427 1360 idem
449 1295 516 1360 fere
540 1297 624 1380 quod
645 1299 787 1380 receptis?
832 1299 876 1362 At
897 1299 929 1363 id
951 1300 1036 1385 quod
1057 1299 1212 1384 recipitur
1237 1323 1357 1385 prunae
1381 1309 1468 1384 sunt,

342 1399 363 1463 i.
389 1420 416 1468 e.
440 1400 611 1464 candentes
634 1401 803 1478 carbones,
834 1402 888 1486 qui
917 1401 1133 1467 incendiorum
1162 1403 1249 1468 arida
1270 1406 1465 1471 nutrimenta

342 1501 498 1586 appellari
520 1501 607 1566 nullo
631 1503 725 1568 modo
748 1508 892 1588 possunt,
913 1526 1018 1590 neque
1036 1506 1234 1589 recipiuntur
1255 1508 1353 1573 ramis
1370 1510 1464 1574 iunco

345 1608 405 1669 eta.
428 1605 483 1670 aed
504 1605 660 1670 iuncturis
683 1606 809 1691 aggesti
831 1606 927 1672 illius.
963 1608 1015 1671 An
1037 1612 1180 1686 conceptis
1197 1609 1283 1676 idem
1301 1615 1349 1677 est
1367 1607 1464 1697 atque

340 1707 491 1771 tamasis?
533 1705 596 1778 Ne,
615 1707 694 1772 haec
726 1709 853 1793 quidem
885 1709 1056 1794 explicatio
1089 1710 1167 1775 ferri
1187 1716 1313 1797 potest3
1349 1716 1465 1781 dicitur

342 1809 427 1874 enim
457 1813 574 1887 aliquid
604 1814 700 1889 ipuem
730 1815 878 1890 erumpere
910 1812 963 1896 (cf.
997 1835 1022 1876 e.
1053 1835 1100 1898 gr.
1130 1813 1148 1897 ὅ
1178 1815 1229 1898 18)
1261 1837 1462 1900 aequavero

340 1915 420 1991 iputs
442 1916 559 1991 aliquid
581 1918 736 1991 erumpere.
784 1911 898 1999 Itaque
920 1937 992 1979 cnm
1014 1917 1046 1981 id
1069 1916 1205 1981 maxime
1227 1917 1396 1981 tenendum
1419 1921 1460 1984 sit

340 2036 398 2099 per
424 2015 512 2079 arida
541 2015 760 2080 incendiorum
790 2016 985 2081 nutrimenta
1013 2016 1075 2082 hoc
1103 2017 1174 2084 loco
1201 2017 1279 2083 nihil
1302 2019 1364 2083 nisi
1385 2018 1457 2084 illds

340 2138 446 2182 ramos
477 2118 606 2182 iuncum
630 2122 688 2182 etc.
710 2117 856 2204 intellegi
878 2142 985 2204 posse,
1018 2142 1232 2204 quaererem
1252 2121 1359 2207 ignem
1381 2143 1455 2186 con·

341 2220 462 2303 cepisse
495 2220 603 2304 aliquo
626 2222 720 2286 modo
743 2221 827 2286 dicta
850 2245 918 2287 erse
939 2223 1161 2306 necessarium
1179 2225 1239 2303 sit,
1270 2223 1457 2289 vocabulum

303 2342 306 2352 ·
339 2327 481 2401 conceptis
504 2327 690 2407 corruptum
712 2346 776 2389 non
799 2345 867 2390 esse
889 2329 1086 2409 nonpotest.
1119 2325 1242 2391 Deinde
1260 2329 1286 2392 si
1305 2328 1460 2392 rationem

340 2429 582 2513 grammaticam
605 2433 785 2513 spectamus
800 2427 832 2493 id
850 2449 978 2512 quoque
997 2434 1139 2513 apparet,
1155 2451 1228 2493 curn
1242 2431 1462 2495 incendiorum

336 2531 534 2596 ¹nutrimenta
555 2530 612 2595 illa
634 2532 699 2596 sint
720 2530 801 2594 rami
818 2531 930 2596 iuncus
949 2535 1008 2596 etc.
1026 2532 1176 2598 lierinon
1193 2554 1287 2616 posse
1305 2537 1341 2596 ut
1359 2533 1460 2596 eidem

339 2634 419 2698 rami
453 2634 565 2698 iuncus
597 2637 656 2698 etc.
689 2634 867 2699 subiectum
899 2635 966 2698 eius
996 2635 1152 2700 enuntiati
1175 2634 1334 2713 efficiant,
1371 2635 1461 2698 cuius

339 2735 556 2819 praedicatum
580 2741 629 2801 est
650 2741 861 2800 cremabantur.
883 2737 1006 2823 -Atqui
1036 2736 1196 2815 efficiunt,
1228 2737 1256 2801 si
1285 2736 1460 2800 retinemus

338 2839 530 2905 vocabulum
553 2844 619 2916 qut,
650 2840 735 2924 quod
761 2839 823 2904 nisi
844 2839 884 2904 ad
906 2861 1011 2904 ramos
1033 2839 1163 2905 iuncum
1186 2833 1244 2905 etc.
1267 2861 1329 2904 non
1353 2842 1461 2924 potest

338 2942 461 3007 referri.
497 2942 644 3028 Denique
666 2965 729 3008 non
752 2965 885 3028 parvam
906 2942 985 3007 mihi
1005 2943 1217 3027 suspicionem
1236 2947 1345 3008 movet
1358 2942 1460 3026 parti·

338 3044 410 3110 cula
431 3050 501 3120 iam,
520 3067 601 3130 quae
623 3045 719 3131 plane
742 3051 790 3112 est
808 3067 1052 3131 supervacanea.
1087 3045 1220 3112 Minime
1238 3047 1324 3111 enim
1337 3047 1461 3130 spectat

337 3149 376 3214 ad
406 3149 438 3213 id
467 3149 552 3233 quod
582 3149 728 3233 sequitur
757 3151 899 3211 militibus
929 3169 995 3211 cum
1025 3152 1146 3214 intactis
1176 3153 1327 3214 tormentis
1357 3151 1461 3211 ariade

335 3255 495 3338 periculose
530 3255 685 3331 dimersis,
722 3251 839 3336 quibus
869 3250 974 3315 verbis
1005 3272 1135 3334 prorsus
1159 3251 1233 3316 novi
1262 3247 1382 3334 aliquid
1404 3249 1459 3312 ad-

328 3351 481 3440 iungitur
502 3355 685 3420 narratione
708 3353 896 3438 simpliciter
918 3354 1152 3440 progrediente.
1178 3391 1215 3402 —
1239 3353 1338 3433 Vides
1359 3352 1461 3437 igitur

337 3459 415 3522 satis
437 3457 554 3523 multas
576 3457 610 3522 in
631 3457 737 3522 verbis
760 3455 824 3521 illis
851 3457 954 3522 inesse
977 3456 1169 3522 offensiones
1192 3477 1273 3540 quae
1296 3477 1373 3519 num
1394 3477 1459 3519 uno

336 3560 476 3625 remedio
509 3560 582 3625 tolli
609 3561 734 3646 possint
765 3581 826 3646 ego
859 3560 984 3644 quidem
1016 3559 1108 3624 valde
1139 3558 1259 3632 dubito.
1309 3555 1459 3643 Cogitare

311 3657 453 3748 ‘aliquis
482 3664 624 3748 potuerit
654 3663 841 3744 mutandum
873 3683 941 3727 esse
972 3666 1050 3744 quod
1082 3663 1138 3747 (sc.
1166 3667 1327 3738 caueatur,
1364 3681 1460 3744 quam

335 3766 472 3830 formam
501 3769 632 3831 tuentur
661 3765 759 3832 rerba
790 3762 868 3829 XIX
899 3772 934 3844 8,
970 3772 984 3830 l
1018 3785 1052 3826 ca
1081 3767 1210 3842 adoratis
1248 3766 1365 3842 erectis)
1396 3781 1457 3825 aar·

335 3873 426 3946 raptis
448 3917 456 3930 .
479 3918 486 3932 .
510 3916 518 3931 .
540 3916 548 3931 .
569 3873 632 3932 iam
653 3873 850 3942 cremabatur,
882 3865 937 3931 sed
967 3870 1147 3933 remaneret
1168 3888 1233 3931 non
1255 3866 1359 3933 solum
1381 3865 1460 3932 illud

334 3975 396 4034 iam
417 3991 482 4037 non
504 3967 661 4052 sanatum,
683 3993 795 4037 verum
817 3970 913 4035 etiam
927 3975 1066 4048 correptis
1088 3992 1153 4035 non
1178 3970 1285 4036 addito
1307 3973 1371 4050 iqui
1394 3969 1460 4034 siva

328 4079 454 4154 stamma
475 4073 607 4140 tolerari
628 4075 683 4140 vix
704 4079 822 4158 posset.
856 4072 1028 4140 Praeterea
1046 4073 1124 4139 illud
1141 4079 1354 4146 cremabantur,
1373 4071 1459 4156 quod
1491 4073 1493 4079 '

335 4200 393 4263 per
422 4199 455 4244 se
486 4177 568 4243 nihil
596 4178 696 4243 habet
726 4176 929 4258 offensionis,
961 4177 1139 4245 subiectum
1170 4174 1304 4261 pluralis
1335 4197 1459 4240 numeri
