3308 4934
810 317 1017 380 ..13-

353 497 548 564 coniunctivi
564 508 596 564 et
614 483 777 564 indicativi
791 498 966 582 variatione
984 497 1024 562 cf.
1041 497 1161 581 Haupt.
1181 520 1289 583 opusc.
1305 498 1337 565 Π
1351 524 1382 585 p.
1397 510 1474 581 4963

352 601 555 668 Ehrismenu.
578 600 600 666 l.
624 624 650 666 c.
674 623 705 686 p.
728 610 780 669 44.

365 908 368 913 ,
437 827 497 897 xv!
521 837 550 905 8,
575 836 604 896 8.
649 827 739 893 Tunc
755 826 839 892 ellnd
860 827 948 910 apnel
962 827 1139 909 Aquitanos
1157 831 1255 892 euenit
1277 829 1360 909 qnod
1382 829 1477 896 latior

345 930 442 1014 fama
476 934 630 1014 onlporal.
693 929 855 996 Veterator
890 931 1022 1012 qnidam
1060 931 1103 995 ool
1141 929 1263 996 lantum
1299 935 1476 998 conuiuium

353 1037 481 1116 repotns
504 1037 532 1098 et
553 1033 719 1113 mnndum,
749 1032 859 1114 qualia
887 1037 962 1097 sant
982 1037 1016 1096 in
1037 1032 1087 1097 lis
1117 1035 1297 1117 ropionibus
1322 1034 1476 1118 plurimo,

354 1156 425 1200 cnm
442 1136 571 1200 uidisset
585 1134 748 1200 linteorum
763 1133 913 1200 toralium
932 1155 1002 1217 par,
1024 1135 1105 1200 dnos
1123 1135 1224 1202 claoos
1241 1139 1288 1202 ila
1306 1137 1477 1205 latissimos

354 1243 390 1302 nt
412 1239 473 1303 sibi
494 1239 636 1303 uicissim
658 1243 725 1303 orte
752 1239 1005 1304 ministrantium
1037 1238 1247 1318 coloererent,
1277 1261 1477 1325 mensamque

355 1342 555 1424 operimentis
585 1341 723 1424 poribus
761 1346 885 1420 tectam,
925 1343 1113 1408 anteriorem
1149 1341 1322 1428 chlamydis
1352 1350 1478 1426 portem
1540 1404 1543 1409 .

355 1449 489 1526 atraque
505 1465 603 1508 rnonn
621 1444 732 1510 velens
749 1446 937 1532 intrinsecas
950 1449 1142 1510 structuram
1157 1465 1277 1509 omnem
1293 1451 1329 1510 nt
1344 1450 1486 1513 amictos

356 1546 565 1611 adornaverat
595 1545 852 1628 principalespne
885 1567 935 1610 res
974 1547 1202 1628 patrimonium
1241 1548 1328 1612 dives
1365 1555 1478 1614 euertit.

358 1647 406 1712 En
426 1648 569 1714 ‘narratio
589 1670 682 1734 quam
708 1671 770 1714 non
794 1653 913 1714 temere
931 1648 1092 1734 Hauptius
1114 1649 1290 1724 nominavit
1312 1651 1477 1718 obscuram

357 1773 516 1837 quamque
548 1774 586 1816 ne
609 1750 882 1834 Cornelissenus¹j
910 1753 1053 1836 quidem,
1097 1773 1169 1816 cum
1200 1774 1258 1835 pro
1288 1757 1475 1819 anteriorem

357 1853 529 1937 chlamydis
547 1859 671 1938 partem
692 1859 826 1936 ntraqne
847 1876 945 1920 mann
966 1848 1078 1921 celeres
1100 1857 1292 1920 intrinsecus
1319 1857 1476 1922 coniceret

358 1956 559 2021 scribendum
582 1978 649 2022 csse
673 1947 854 2023 exteriorem
882 1958 1047 2022 velaminis
1074 1962 1196 2040 portem
1222 1962 1353 2040 ntropne
1381 1977 1473 2021 mann

357 2063 479 2124 uertens
501 2059 694 2124 intrinsecas
716 2059 795 2124 mihi
825 2058 919 2144 plane
949 2059 1121 2124 reddidisse
1152 2059 1322 2126 dilucidam
1342 2059 1472 2125 videtur.

359 2159 466 2227 Unum
489 2162 522 2226 id
540 2165 649 2226 nostro
667 2162 736 2227 iure
758 2162 911 2247 colligere
933 2162 1077 2228 videmur
1094 2161 1265 2228 delatorem
1288 2165 1384 2228 istum
1401 2183 1475 2246 pur·

359 2264 467 2347 pureis
481 2262 546 2328 illis
566 2262 716 2328 toralium
731 2263 829 2328 clavis
847 2265 1003 2350 singulari
1019 2265 1157 2348 quodam
1175 2267 1269 2331 modo
1284 2265 1480 2350 complicatis

361 2366 498 2449 speciem
524 2366 666 2431 effecisse
689 2389 876 2452 purpureae,
900 2390 963 2451 quo
985 2365 1045 2431 soli
1062 2367 1222 2452 principes
1244 2369 1292 2433 uti
1314 2369 1480 2432 debebant.

360 2467 475 2554 Itaque
499 2492 597 2533 unum
620 2470 699 2534 mihi
723 2468 846 2537 Petavii
868 2470 1072 2556 Hauptiique
1091 2470 1318 2548 emendationi,
1345 2470 1400 2553 qui
1422 2491 1479 2553 pro

345 2572 613 2656 ¹principalespne
631 2573 826 2657 scripserunt
842 2572 1048 2656 principales,
1068 2594 1147 2655 qnae
1165 2571 1340 2636 addendum
1356 2571 1480 2634 videtur

361 2697 429 2739 esse
459 2679 555 2759 atque
587 2675 632 2739 sic
662 2675 885 2763 corrigendum
914 2681 1105 2740 structorem
1133 2695 1253 2741 omnem
1282 2679 1318 2740 nt
1348 2675 1481 2740 amiclas

360 2778 571 2844 adornaverat
591 2777 882 2862 principalis,
911 2798 991 2860 qnae
1014 2796 1064 2842 res
1086 2782 1145 2842 etc.
1190 2774 1361 2843 Veterator
1383 2775 1481 2860 telem

360 2880 512 2945 formavit
534 2885 736 2961 structuram,
760 2879 864 2964 qualis
887 2885 935 2946 est
952 2885 1111 2944 structura
1133 2880 1268 2944 amictus
1287 2878 1482 2964 principalis.

358 3186 360 3191 Ι
444 3102 505 3172 Xlll
532 3111 580 3182 10,
604 3112 633 3170 4.
677 3103 820 3188 Exponit
841 3103 978 3190 scriptor
1007 3104 1166 3188 quomodo
1190 3104 1395 3170 Constantius
1417 3102 1482 3166 Ro·

361 3228 446 3270 mem
467 3206 669 3292 proficiscens
687 3207 720 3272 in
738 3207 851 3272 itinera
871 3231 889 3272 a
907 3205 1027 3291 populo
1045 3206 1174 3271 habitus
1196 3208 1247 3272 sit.
1287 3208 1483 3271 Transenrso

364 3307 508 3374 Ocricnlo
534 3313 635 3374 elatas
656 3310 826 3378 lonoribns
847 3313 973 3394 mappis
995 3312 1189 3393 stipatnspne
1219 3308 1399 3392 apminilns
1413 3309 1482 3382 for-

360 3413 521 3477 mirandis
543 3416 703 3497 tamqnam
728 3416 796 3479 acie
822 3413 994 3480 clncelatnr
1019 3414 1182 3485 instructa,
1213 3410 1353 3476 omniam
1385 3405 1483 3472 oculis

359 3517 396 3579 in
418 3536 452 3582 eo
474 3517 615 3582 eontmiln
631 3518 791 3600 pertinaci
810 3517 949 3582 intentis.
993 3515 1119 3582 Dicitur
1148 3517 1304 3579 intentum
1332 3529 1398 3575 esse
1429 3514 1485 3573 out
1587 3544 1589 3550 ν

360 3617 462 3684 alieni
482 3620 540 3696 rei,
563 3618 603 3684 cf.
628 3641 654 3684 c.
677 3640 725 3704 gr.
750 3617 829 3683 XXI
852 3625 880 3696 2,
904 3627 941 3696 43
966 3627 1015 3697 10,
1042 3626 1076 3696 1;
1098 3613 1209 3681 XXIV
1231 3621 1261 3692 4,
1285 3621 1339 3691 173
1362 3609 1484 3691 XXXI,

362 3728 410 3797 11,
435 3731 463 3800 5,
486 3724 542 3785 aut
564 3722 606 3786 ool
628 3725 694 3806 (in)
716 3716 839 3803 olipniot
860 3721 927 3785 sive
949 3719 1095 3802 ationem,
1119 3717 1159 3794 of.
1185 3738 1211 3782 e.
1235 3738 1283 3803 gr.
1306 3712 1386 3781 XXI
1404 3724 1434 3794 4,
1453 3722 1485 3791 1;

360 3821 505 3888 XXVIII
530 3831 557 3903 1,
583 3831 632 3902 55,
655 3845 758 3907 neque
781 3844 856 3888 vcro
879 3845 1018 3906 unquam
1041 3824 1077 3887 in
1099 3819 1207 3902 aliqno
1229 3819 1296 3885 sive
1318 3821 1355 3885 in
1376 3818 1486 3900 aliana

383 4109 388 4121 ·
450 4082 470 4128 ¹}
488 4081 621 4136 Mnemon.
642 4080 674 4134 N.
693 4080 719 4135 S.
738 4079 802 4136 XIV
819 4101 845 4152 p.
865 4081 923 4134 244.
