3308 4934
752 337 957 396 ..42-

294 515 345 576 doc
367 517 483 592 quidem
506 517 561 580 aut
583 538 656 582 curn
677 518 788 582 statim
814 519 911 584 verba
934 523 1004 582 sed.
1027 571 1033 585 .
1057 567 1064 584 .
1081 528 1218 597 promotu
1235 527 1303 584 suut
1320 527 1420 582 castra

294 619 477 700 sequantur,
500 625 539 683 at
560 639 597 682 ue
618 625 670 684 loc
693 623 809 697 qutun
831 621 1032 686 scribendum
1055 627 1113 688 est.

379 823 468 892 xxiv
490 833 519 904 8,
545 834 572 891 7.
618 825 684 892 Sub
697 827 768 913 ipso
782 827 855 892 libri
875 828 937 894 fine
956 827 1096 913 explicat
1114 829 1251 914 scriptor
1264 830 1419 896 Romanis

294 948 366 994 cum
395 928 483 994 omni
511 951 567 1012 spe
599 928 741 996 melioris
773 935 904 996 eventus
935 931 1050 998 deiecti
1072 931 1270 999 Corduenam
1302 935 1420 1000 reverti

296 1029 552 1109 constituissent,
596 1031 702 1099 subito
747 1055 897 1119 magnam
939 1035 1125 1120 apparuisse
1164 1036 1229 1102 vim
1267 1036 1420 1121 pulveris,

295 1154 376 1218 quae
398 1134 476 1219 quid
498 1138 582 1200 esset
605 1158 677 1202 cum
699 1137 917 1223 ignoraretur,
945 1160 985 1203 ne
1008 1138 1083 1223 quid
1107 1139 1231 1205 adversi
1251 1141 1420 1222 accideret,

293 1238 365 1302 tuto
395 1234 467 1303 loco
499 1242 603 1322 castra
633 1241 739 1324 posita
770 1263 848 1306 esre.
892 1261 944 1304 uec
974 1245 1051 1304 autu
1081 1245 1121 1304 od
1151 1263 1243 1320 usque
1271 1239 1422 1322 capuam

294 1359 362 1402 aare
382 1349 510 1404 museto
532 1344 662 1408 discerne·
678 1347 777 1421 poluit
798 1347 941 1420 quidnam
963 1351 1046 1417 asad,
1079 1348 1156 1422 quod
1184 1349 1231 1408 lde
1252 1349 1422 1424 squalidius

293 1445 455 1508 addebatur.
498 1443 563 1510 Pro
585 1447 645 1520 aa,
675 1446 760 1531 quod
783 1468 846 1531 quo
869 1447 1028 1512 referatur
1048 1469 1113 1514 non
1135 1449 1248 1528 habet,
1271 1449 1422 1516 Valesius

295 1546 432 1612 coniecit
461 1548 661 1614 scribendum
693 1571 762 1616 esse
792 1553 861 1623 dtu,
897 1549 981 1616 haud
1012 1550 1057 1615 ita
1089 1550 1241 1633 feliciter,
1274 1557 1311 1618 ut
1340 1554 1422 1620 mihi

295 1649 424 1734 quidem
444 1651 586 1730 videtum
608 1651 704 1736 plane
726 1653 811 1718 enim
834 1657 882 1718 est
904 1653 1110 1737 superfluum,
1133 1656 1321 1739 praesertim
1348 1680 1422 1724 cum

295 1753 486 1837 praecedant
507 1756 607 1821 verba
628 1758 669 1818 ud
689 1776 782 1833 usque
802 1775 959 1835 respuam.
1004 1756 1135 1822 Rectius
1157 1759 1322 1843 scripseris
1344 1765 1422 1838 qrtod

295 1861 357 1921 stc
370 1857 392 1942 ι)
414 1861 583 1935 squalidius
595 1861 765 1923 uidebatur.

380 2064 460 2134 XXV*
479 2072 506 2144 l,
530 2075 559 2134 3.
604 2064 693 2131 Inter
710 2065 872 2132 Romanos
896 2069 927 2130 et
951 2071 1170 2146 excursatores
1188 2067 1331 2134 Persicos
1353 2069 1417 2133 acri

295 2167 418 2251 proelio
440 2172 620 2254 pugnatum
649 2173 714 2248 est,
747 2191 785 2234 ex
817 2191 880 2255 quo
912 2159 1019 2234 tamen
1042 2169 1179 2235 Romani
1210 2172 1418 2237 discesserunt

296 2269 442 2336 victores.
492 2276 573 2338 Htuc
601 2275 798 2336 recautum
828 2276 911 2335 uoots
941 2277 1057 2352 touptus
1087 2276 1229 2338 Saraceut
1258 2282 1422 2338 nostrorum

296 2380 373 2436 ructu
398 2377 533 2452 peditura
562 2379 702 2454 repedare
735 2380 875 2454 computat
904 2380 998 2452 poulo
1028 2384 1097 2454 poet
1131 2381 1234 2440 tuueut
1261 2359 1423 2442 Persarum

296 2480 483 2542 multitudiue
504 2483 593 2543 totitas
613 2483 770 2542 inruebant
787 2483 924 2543 Rotunda
945 2483 1152 2558 impudicarum
1174 2486 1301 2559 rupturt,
1323 2502 1424 2544 vuum

295 2583 358 2643 uiso
375 2585 549 2660 inperatore
571 2588 611 2647 ad
633 2587 699 2647 ulos
715 2584 913 2646 subsidiarias
928 2588 1118 2649 rmertuuud.
1152 2583 1217 2649 Pro
1238 2589 1330 2650 totius
1346 2608 1424 2650 num

297 2689 383 2751 recte
397 2683 657 2752 Gardthausenus
670 2684 795 2752 Gelenii
809 2685 1024 2752 coniecturam
1039 2689 1119 2750 octus
1132 2689 1288 2772 receperit
1301 2688 1423 2754 dubito

297 2787 369 2876 Ego
386 2788 553 2876 vulgatam
570 2788 741 2855 lectionem
758 2794 852 2853 tullus
869 2789 1086 2874 praetulerim,
1105 2791 1340 2875 quaemutatio
1359 2813 1425 2856 non

297 2891 402 2957 solum
432 2893 560 2958 facilior
595 2897 644 2959 est
674 2893 728 2958 sed
759 2893 856 2958 etiam
888 2892 1054 2958 meliorem
1089 2892 1189 2957 efficit
1222 2893 1423 2959 sententiam.

298 2993 505 3062 Multitudine
538 2997 622 3062 enim
657 2996 715 3062 illa
744 2995 915 3061 Persarum
950 2995 1158 3076 factumest,
1194 2999 1231 3060 ut
1265 3018 1329 3062 non
1359 2998 1423 3062 iarn

298 3099 449 3164 timerent
471 3099 621 3166 Saraceni
651 3100 775 3186 pedites
796 3099 959 3165 Romanos
988 3099 1044 3165 sed
1073 3099 1175 3163 tutius
1206 3121 1260 3164 eos
1294 3099 1424 3186 adgredi

298 3207 440 3287 possent.
484 3203 534 3269 De
557 3204 721 3270 celeritate
751 3201 956 3290 adgrediendi
984 3223 1087 3288 neque
1109 3201 1163 3267 hic
1191 3201 1298 3288 agitur
1320 3224 1424 3287 neque

299 3311 392 3373 autea
415 3329 519 3373 sermo
541 3307 613 3373 duit.
657 3307 829 3372 Praeterea
850 3327 963 3372 vereor
983 3309 1019 3370 ut
1049 3308 1136 3370 recte
1166 3304 1294 3390 legatur
1315 3307 1426 3368 iuueni.

298 3409 384 3476 Nam
410 3412 452 3477 sit
479 3411 542 3477 hoc
563 3409 631 3476 tere
652 3411 735 3475 idern
759 3413 855 3495 atque
878 3408 1060 3474 ‘coniuncti'
1084 3407 1254 3472 Persarum
1277 3407 1425 3472 multitu-

299 3514 376 3594 dini,
399 3515 483 3601 quod
506 3537 583 3578 num
606 3536 674 3578 esse
696 3513 799 3598 possit
821 3512 913 3578 valde
934 3512 1056 3590 dubito,
1079 3514 1187 3575 tamen
1209 3510 1236 3574 si
1259 3514 1328 3576 tota
1346 3493 1441 3576 Per!
1485 3586 1488 3590 p

300 3638 406 3682 sarum
429 3616 601 3683 multitudo
625 3639 697 3682 cum
720 3617 765 3682 eis
788 3617 826 3682 ad
850 3617 1000 3702 praedam
1029 3614 1207 3678 faciendam
1230 3613 1424 3694 accessisset,

300 3721 386 3806 quod
415 3721 522 3806 ipsum
553 3742 681 3806 quoque
710 3743 824 3806 parum
848 3719 1020 3786 verisimile
1052 3722 1116 3798 est,
1150 3740 1215 3784 non
1246 3719 1339 3784 credo
1371 3741 1425 3784 eos

301 3825 409 3891 statim
427 3825 497 3890 viso
515 3826 708 3910 imperatore
728 3826 767 3889 ad
785 3823 852 3888 alas
874 3822 1079 3888 subsidiarias
1096 3843 1299 3908 regressuros
1316 3822 1425 3888 fuisse.

389 4069 409 4131 ¹)
425 4068 540 4123 litterae
557 4085 570 4120 s
588 4069 616 4122 et
634 4083 649 4120 c
667 4066 777 4137 saepius
795 4066 823 4120 in
843 4065 879 4119 V⁰
898 4065 968 4120 falso
987 4066 1060 4120 inter
1084 4082 1112 4120 se
1135 4066 1264 4121 mutatae
1287 4064 1364 4128 snnt;
1391 4063 1424 4118 cf.

302 4152 420 4208 Gardth.
438 4153 526 4224 praef.
544 4171 571 4222 p.
590 4151 664 4205 XIII.
