3308 4934
642 331 853 390 „27..

184 521 221 582 ut
243 516 324 602 quod
347 517 466 582 certius
489 515 530 580 sit
548 515 718 600 quisquam
735 517 905 600 proponat,
918 533 980 598 ego
998 536 1018 577 a
1034 534 1083 577 me
1101 533 1165 576 non
1177 534 1308 596 possum

184 621 355 706 impetrare
377 623 413 684 ut
435 619 465 684 ei
494 617 678 702 adstipuler.
723 617 952 702 Praeterquam
979 615 1063 680 enim
1094 615 1179 699 quod
1211 614 1308 680 verba

185 723 238 787 issa
264 725 302 788 in
324 743 380 786 ara
401 722 479 806 satis
501 721 649 787 videntur
676 719 838 806 superflua
869 741 946 797 esse,
974 717 1193 804 unusquisque
1222 716 1308 782 videt

141 863 143 866 ·
184 826 354 891 molestum
391 845 459 889 esse
496 823 627 886 extincti
657 843 726 886 cum
757 820 928 906 praecedat
958 820 1044 905 quod
1071 839 1202 904 prorsus
1223 818 1307 884 idem
1380 887 1382 891 ,

181 928 344 1015 significet
372 928 492 992 animis
523 926 559 988 in
590 929 713 990 centnm
734 925 861 1004 sciatis,
883 945 900 988 e
923 922 1047 1008 quibus,
1078 923 1105 987 si
1135 943 1246 988 revera
1275 922 1308 987 id

121 1111 122 1116 γ
181 1030 361 1116 scripsisset
369 1029 561 1096 Ammianus
576 1027 662 1112 quod
676 1028 809 1093 coniecit
817 1026 1030 1107 Hermannus,
1045 1025 1182 1092 alterum
1196 1025 1307 1110 utique

183 1134 318 1200 debebat
335 1134 494 1199 omittere.
529 1129 644 1216 ltaque
663 1128 748 1196 locus
766 1152 842 1197 sane
857 1129 1116 1214 corruptissimus
1130 1127 1193 1194 alio
1211 1128 1306 1195 modo

185 1235 307 1302 videtur
335 1236 495 1302 sanandus
525 1257 602 1300 esse.
648 1233 694 1300 Ut
714 1234 916 1301 Hermannus
945 1255 1006 1320 ego
1030 1253 1157 1319 quoque
1182 1230 1332 1327 lubenti

182 1340 286 1406 auimo
306 1341 463 1408 confiteor
480 1339 574 1404 certis
592 1339 789 1424 argumentis
807 1361 858 1403 me
872 1359 981 1403 veram
996 1336 1158 1402 Ammiani
1176 1356 1304 1400 manum

180 1443 367 1510 adsecutum
399 1465 468 1508 esse
499 1465 561 1507 non
582 1464 719 1527 possea
749 1465 800 1508 me
835 1439 1063 1518 demonstrari;
1096 1444 1205 1504 tamen
1233 1460 1305 1504 sen·

179 1546 283 1611 tentia
316 1547 423 1612 evadit
454 1567 515 1631 qua
544 1544 633 1611 nulla
665 1548 713 1610 est
744 1545 865 1630 aptior,
898 1545 926 1608 si
957 1565 1029 1608 eum
1062 1542 1108 1607 ite
1142 1540 1306 1626 scripsisse

180 1653 334 1732 putamus
357 1647 417 1713 ciii
435 1651 570 1732 confossi
591 1648 793 1714 mucronibus
809 1649 966 1731 prostrati
988 1668 1066 1712 non
1088 1647 1171 1711 iam
1192 1645 1306 1710 animis

183 1753 221 1814 in
248 1755 375 1816 centnm
394 1751 503 1834 solatis
518 1753 763 1836 proiciebantur
783 1757 923 1830 <at>
949 1751 1088 1816 extincti.

265 1956 329 2026 ΧΙΧ
358 1966 386 2037 5,
410 1967 440 2028 8.
486 1957 624 2023 Romani
653 1957 789 2022 Amidae
818 1956 934 2023 inclusi
963 1957 997 2021 in
1028 1977 1187 2022 summum
1218 1955 1306 2040 peri·

178 2059 286 2126 culum
308 2065 405 2145 atque
423 2060 593 2126 discrimen
611 2061 785 2146 adiguntur
803 2059 937 2145 perfidia
954 2058 1141 2145 transfugae
1160 2057 1304 2137 alicuius,

178 2185 243 2247 quo
267 2163 417 2228 ductante
440 2163 644 2250 septuaginta
666 2163 836 2230 Persarum
858 2163 1019 2250 sagittarii
1038 2163 1164 2230 occulta
1186 2163 1305 2246 abrup-

180 2269 279 2348 taque
310 2265 362 2330 via
392 2266 442 2332 usi
472 2271 568 2332 noctu
600 2267 682 2332 turri
709 2266 877 2352 potiuntur
904 2265 1069 2332 altissima.
1114 2265 1228 2350 Eque
1249 2265 1305 2331 ubi

181 2365 253 2432 luce
276 2372 346 2434 orta
367 2369 431 2434 suis
453 2370 582 2456 siguum
604 2369 773 2449 dederunt,
805 2375 837 2436 et
867 2371 929 2455 ipsi
960 2369 1120 2456 sagittarii
1141 2368 1304 2436 Romanos

179 2471 211 2535 vi
240 2471 377 2538 telorum
406 2473 541 2538 obruere
572 2473 730 2558 incipiunt
761 2478 792 2539 et
824 2475 853 2538 ei
882 2475 937 2559 qui
967 2478 1058 2540 extra
1081 2473 1207 2539 moenia
1230 2477 1305 2540 sunt

157 2567 302 2640 ‘summo
332 2575 455 2660 impetu
485 2579 597 2642 contra
624 2578 736 2643 urbem
764 2579 927 2644 accedunt.
970 2575 1085 2662 Neque
1107 2580 1215 2642 tamen
1237 2576 1303 2642 Ro·

51 2764 54 2768 ·
176 2677 264 2742 mani
294 2679 418 2744 animos
449 2678 637 2744 demittunt:
672 2679 806 2746 ballistis
829 2681 954 2766 aliquot
982 2681 1016 2745 in
1039 2679 1153 2746 turrim
1175 2679 1303 2746 directis

177 2781 318 2864 primum
340 2781 526 2867 sagittarios
549 2785 604 2846 aut
625 2783 821 2850 interficiunt
843 2788 899 2848 aut
917 2788 1038 2870 cogunt
1055 2787 1092 2848 ut
1109 2782 1303 2867 praecipites

179 2903 248 2946 sese
271 2904 288 2946 e
312 2882 396 2948 celso
419 2883 566 2948 deiciant.
605 2885 727 2954 Deinde
750 2886 816 2952 tela
838 2888 871 2952 in
887 2909 949 2958 ⁴eos
970 2887 1079 2952 hostes
1098 2889 1301 2965 convertunt,

180 2983 236 3067 qui
267 2984 462 3050 extrinsecus
494 2988 664 3055 accedunt:
699 2997 725 3054 et
754 2995 896 3068 queniam
918 2993 1044 3074 ungebat
1065 3008 1155 3056 curas
1175 2991 1302 3052 mititiam
1329 3015 1332 3020 ·

101 3167 103 3171 ,
178 3089 328 3149 seelestam
352 3090 478 3164 facinus
509 3096 667 3172 enseque,
703 3097 790 3170 qnasi
824 3097 1009 3158 decurrentes
1042 3097 1076 3156 in
1100 3096 1228 3170 planam
1258 3097 1302 3156 ita

174 3192 341 3252 iaculantes
373 3193 488 3256 diversa
522 3197 651 3258 missilia
690 3198 807 3259 lacertis
839 3200 972 3274 fortitus
1007 3199 1230 3269 incumbebant,
1268 3202 1302 3257 nt

171 3299 305 3371 incente
325 3297 359 3356 in
379 3300 536 3361 meridiem
557 3301 606 3362 die
625 3305 723 3377 centes
744 3303 898 3363 vulneram
920 3302 986 3364 acri
1007 3302 1127 3376 repulsu
1152 3300 1299 3371 disiectae,

173 3399 360 3460 lacrimantes
382 3405 576 3478 cmnptnrinm
593 3409 705 3493 mortes,
723 3406 849 3466 tentoria
866 3408 1026 3482 repeterent
1043 3408 1130 3464 man.
1159 3401 1300 3467 Militum

174 3518 260 3562 carae
287 3501 443 3588 perfugae
475 3503 618 3568 facinore
648 3505 704 3570 vix
726 3507 838 3568 auctae
861 3509 960 3583 erant,
993 3504 1057 3569 uisi
1079 3506 1165 3590 quod
1185 3504 1300 3570 turrim

173 3599 262 3666 illam
293 3602 358 3668 iam
393 3604 581 3690 diligentius
616 3606 775 3672 custodire
808 3605 999 3673 debebant
1029 3607 1168 3675 Omnino
1205 3630 1300 3674 curae

174 3703 340 3783 exercitur,
364 3707 430 3771 sive
454 3729 508 3772 eas
530 3709 569 3774 de
592 3708 707 3773 officiis
729 3708 897 3774 cotidianis
916 3709 983 3774 sive
1000 3711 1039 3776 de
1054 3711 1169 3778 timore
1189 3711 1298 3795 aliquo

171 3806 314 3870 hostium
344 3807 578 3894 intellegimus,
609 3809 691 3874 nihil
718 3810 887 3885 valebant,
919 3816 956 3876 ut
987 3812 1021 3877 in
1043 3812 1210 3878 iaculando
1231 3817 1298 3880 tam

171 3909 309 3973 fortibus
331 3914 499 3995 uterentur
520 3912 658 3978 lacertis.
692 3911 774 3977 Mihi
788 3913 978 3979 Ammianus
996 3916 1026 3980 id
1045 3915 1154 3998 potius
1172 3915 1320 3980 videtur'
1360 3993 1362 4000 Ι

170 4010 275 4075 dicere
297 4011 437 4078 voluisse
460 4013 679 4080 Romanorum
702 4016 826 4082 animos
854 4019 1042 4104 transfugae
1068 4018 1203 4103 perfidia
1224 4018 1297 4082 irri-
1359 4053 1361 4057 v

170 4117 255 4180 tates
269 4115 541 4202 exacerbatosque
555 4117 663 4197 fuisse,
687 4118 732 4182 ita
755 4123 790 4183 ut
804 4118 899 4185 solito
922 4121 954 4186 vi
978 4121 1097 4186 maiore
1120 4121 1185 4186 tela
1208 4122 1297 4188 coni·
