3308 4934
687 363 894 424 -43-

223 547 336 632 ltaque
369 548 468 613 verba
500 546 596 614 velim
629 546 771 633 corrigas
802 545 863 610 sic:
897 551 990 624 panto
1016 553 1084 624 post
1114 549 1254 608 innisi
1283 549 1356 610 Per-

226 671 325 714 saram
348 652 539 716 nmttitndinc
560 652 696 713 tntins
717 653 882 712 annotant.

309 857 386 926 XXV
409 866 436 937 1,
462 867 491 926 9.
536 863 640 922 abiecti
661 866 730 923 sant
753 863 849 920 antem
871 864 1052 920 socranrento
1075 860 1164 919 ctiam
1191 859 1248 918 atii
1270 863 1356 934 qnat-

219 967 293 1022 taor
314 963 347 1022 ot
363 965 518 1040 flapitimn
538 967 634 1036 simite
655 965 875 1026 ocntttctionmn
896 963 1024 1024 trienni:
1050 962 1101 1022 troc
1123 963 1201 1022 enim
1222 963 1355 1022 corredi-

226 1067 295 1125 onis
310 1067 506 1128 moderamine
523 1069 629 1129 leniori
651 1067 880 1144 impendentium
898 1066 1129 1127 consideratione
1146 1063 1357 1140 difficultatum

231 1172 375 1231 coretentm
389 1174 431 1231 cst
443 1173 611 1248 mmaator.
645 1167 762 1252 Utique
782 1166 1009 1232 emendandum
1027 1171 1076 1234 est
1092 1171 1241 1229 intenae
1260 1171 1356 1227 crat.

315 1372 392 1441 XXV
415 1382 445 1453 3,
471 1381 520 1440 22.
565 1375 603 1439 de
632 1372 763 1439 Julisno
794 1373 984 1438 moribundo
1019 1370 1099 1436 haec
1132 1370 1304 1457 leguntur:
1331 1378 1358 1434 ct

217 1479 327 1554 flentcs
358 1480 436 1540 inter
471 1479 541 1540 tneo
562 1497 658 1541 onmes
681 1480 733 1554 pai
760 1480 885 1540 adnatet
913 1478 1087 1539 anctoritate
1114 1477 1231 1554 intepro
1256 1477 1357 1538 ctiam

224 1585 289 1640 tam
310 1581 484 1658 increpabat
505 1579 615 1644 tanea
637 1599 696 1643 csse
717 1584 794 1643 caeto
816 1583 1019 1655 sideritnspnc
1047 1581 1235 1642 nnattanm
1263 1581 1358 1656 inpari

220 1683 390 1760 principem
420 1686 527 1747 dicens.
570 1682 754 1770 Flagitstur
789 1683 948 1748 sententis
978 1680 1044 1746 tale
1080 1679 1201 1766 aliquid
1236 1680 1358 1745 dictum

226 1805 312 1849 esse:
344 1784 474 1851 dedecet
504 1787 621 1852 deflere
652 1809 709 1853 vos
740 1786 917 1872 principem
950 1786 1006 1871 qui
1036 1787 1182 1849 mortuus
1214 1806 1278 1868 qus
1311 1788 1360 1849 est

225 1885 385 1972 dignitate
415 1910 481 1954 non
511 1889 545 1953 in
566 1888 679 1974 Cocyti
709 1889 869 1976 protunda¹
900 1893 1026 1975 merget
1056 1882 1113 1952 sed
1140 1886 1294 1954 evehetur
1317 1888 1359 1954 ad

226 1992 341 2057 sidera.
396 1991 484 2078 Ergo
516 1992 722 2077 participium
755 1993 891 2075 perfecti
923 1991 1079 2075 temporis
1114 1991 1192 2055 ferri
1227 1990 1356 2077 nequit3

227 2094 419 2160 conciliatur
450 2095 534 2160 enim
566 2094 655 2159 caelo
677 2092 821 2160 Iulianus
850 2095 1089 2172 camdenum,
1121 2115 1194 2159 cum
1216 2094 1357 2159 animam

228 2197 360 2262 efflavit.
406 2196 613 2264 scribendum
636 2197 737 2283 igitur
759 2202 808 2263 est
828 2200 1030 2274 siderctasqnc
1052 2201 1359 2260 conciliandam.

319 2405 396 2473 XXV
417 2412 447 2484 4,
472 2411 522 2473 25.
559 2407 600 2468 Ar
621 2408 655 2467 in
676 2407 788 2469 dctttts
810 2407 949 2467 bettonam
968 2410 1066 2465 tenore
1086 2407 1222 2483 ptiscerete
1239 2405 1359 2480 diffusis

229 2529 283 2586 per
304 2514 406 2570 nostra
432 2509 590 2573 demands
611 2509 730 2584 imnqnc
747 2509 876 2584 A'tpitas
898 2509 939 2570 ad
959 2511 1135 2570 radendam
1151 2511 1274 2570 Italiam
1289 2529 1358 2587 pcr-

232 2613 405 2688 rmnpendis
435 2615 495 2676 etc.
540 2609 592 2675 Sic
624 2611 721 2675 edidit
743 2609 904 2675 Gelenius.
949 2608 1010 2674 sed
1037 2631 1109 2674 cum
1131 2611 1165 2675 in
1188 2609 1235 2674 V⁰
1256 2610 1358 2695 scrip·

234 2719 301 2780 tum
324 2713 366 2780 sit
388 2735 547 2778 ceramum
568 2721 677 2793 tencre,
709 2731 773 2778 non
804 2713 915 2779 dubito
937 2713 1016 2798 quin
1044 2714 1090 2778 ita
1118 2714 1227 2799 patius
1250 2733 1359 2776 emen-

236 2817 370 2883 dandum
405 2817 465 2882 sit:
500 2824 532 2880 at
563 2821 598 2879 in
632 2820 743 2882 enatis
764 2820 920 2893 <ad>
941 2836 1132 2880 cersonam
1162 2824 1260 2880 tenore
1287 2817 1360 2893 ptis·

238 2928 313 2987 ccntc
334 2926 394 2986 ete.

314 3126 396 3196 XXV
418 3134 449 3205 4,
474 3133 523 3192 27.
564 3125 641 3191 Inde
664 3149 683 3190 a
705 3127 723 3209 ᾗ
747 3133 787 3194 23
820 3148 921 3212 usque
949 3125 989 3190 ad
1011 3125 1030 3208 ξ
1053 3132 1091 3191 27
1115 3127 1254 3210 scriptor
1274 3125 1361 3191 Juli-

234 3251 327 3294 anum
350 3229 520 3295 defendere
551 3231 658 3294 studet
688 3229 728 3294 ab
752 3251 862 3294 eorum
885 3229 1186 3310 criminationibus‚.
1209 3229 1266 3314 qui
1287 3250 1362 3294 sum

233 3334 271 3397 ad
294 3334 341 3398 rei
364 3332 511 3417 publicae
535 3332 708 3415 perniciem
733 3353 816 3396 nova
844 3331 928 3396 bella
950 3332 1128 3398 concitasse
1150 3334 1267 3398 dicant.
1312 3332 1362 3397 Ac

231 3436 370 3519 primum
392 3435 523 3521 quidem
554 3434 710 3498 turnultus
734 3434 902 3500 Parthicos
932 3435 1110 3501 incendisse
1142 3458 1207 3501 nnn
1230 3433 1361 3501 Julinno

233 3540 287 3604 sed
302 3539 512 3604 Constantino
526 3537 573 3602 ait
586 3537 713 3602 crimini
730 3537 869 3603 dandum
887 3559 970 3615 esse3
992 3539 1088 3604 rebus
1107 3545 1212 3608 sutem
1231 3535 1363 3604 Gallicis

231 3641 381 3706 correctis
405 3642 515 3706 eadem
540 3640 634 3705 modo
657 3642 756 3706 etiam
778 3640 912 3704 orientis
934 3644 1055 3706 statum
1077 3643 1246 3710 emendare
1265 3644 1363 3727 atque

230 3766 374 3809 recreare
406 3747 556 3809 conatum
588 3766 670 3828 quse
698 3744 853 3810 voluisset
882 3765 955 3809 eum
983 3751 1229 3812 consecuturum
1253 3742 1362 3825 fuisse,

230 3847 257 3911 si
289 3847 318 3911 ei
349 3847 481 3910 deorum
512 3868 630 3911 numen
662 3846 776 3913 fuisset
807 3847 994 3932 propitium.
1039 3848 1190 3916 Excurrit
1219 3846 1363 3916 defensio

229 3949 293 4013 its:
321 3956 348 4012 et
369 3969 433 4011 cnm
457 3953 584 4012 scicmns
607 3955 800 4029 experimento
823 3953 896 4012 adeo
916 3957 1060 4028 pnosdam
1076 3973 1163 4017 rcere
1180 3955 1364 4028 improvidos,

229 4061 263 4117 nt
283 4054 359 4114 tetta
381 4053 530 4114 interdum
557 4055 627 4116 dicti
656 4061 682 4117 et
713 4055 861 4132 nansrapi
886 4062 1020 4134 repetant
1050 4060 1150 4119 maria
1172 4062 1199 4118 ct
1220 4057 1261 4117 ad
1283 4060 1365 4136 diffi-

229 4158 351 4217 cnttotee
379 4157 514 4228 redeant,
547 4160 653 4234 peritas
679 4161 854 4221 saccatacre
884 4163 1070 4238 saepissime,
1101 4165 1170 4224 sant
1192 4161 1245 4236 pai
1267 4180 1365 4239 repre-
