3308 4934
792 387 982 446 ..2-

298 526 551 652 Ἠιιιιιιι),
588 566 846 652 ursiana),
877 551 1133 633 woelfflan
1160 574 1192 634 a
1219 569 1447 655 cernens),

329 674 384 759 qui
416 673 453 737 de
483 671 652 736 Ammiano
675 670 820 736 Sallustii
852 670 1013 736 Ciceronis
1043 671 1146 737 Taciti
1169 671 1265 738 Gellii
1287 673 1448 738 imitatore

329 775 490 843 subtiliter
526 779 677 862 egerunt,
694 830 697 834 .
714 773 971 858 supplementum
1008 774 1138 860 aliquod
1173 776 1314 842 additum
1349 781 1397 841 est
1430 799 1449 841 a

328 878 527 963 Wirzio⁴)
548 877 749 962 similemque
775 876 859 942 viam
877 877 1039 963 ingressus
1059 882 1116 947 est,
1130 877 1401 944 Schneiderus
1413 881 1447 965 ⁵),

331 984 385 1069 qui
409 1005 460 1048 res
481 981 576 1048 verba
592 981 774 1059 sententias,
790 1001 871 1064 quae
890 1002 930 1044 ex
942 979 1116 1045 Herodiani
1130 981 1274 1046 historiis
1292 981 1450 1048 hausisset

331 1085 519 1152 Ammianus
542 1084 619 1149 satis
632 1083 812 1169 diligenter
834 1082 975 1169 collegit

415 1188 475 1253 His
497 1185 739 1273 igitur'libellis
761 1187 799 1250 de
823 1208 967 1251 sermone
990 1186 1153 1251 Ammiani
1182 1191 1287 1251 actum
1316 1192 1380 1265 est,
1412 1188 1449 1252 de

330 1315 392 1378 qno
424 1297 532 1356 tamen
563 1291 634 1376 plus
668 1313 763 1375 quam
796 1311 859 1354 una
895 1290 1040 1374 quaestio
1071 1295 1215 1356 remanet
1245 1291 1449 1359 instituenda.

329 1396 420 1472 Quod
442 1396 481 1459 ad
503 1416 554 1458 res
576 1394 692 1459 attinet
714 1417 732 1457 a
750 1393 937 1458 Marcellino
960 1398 1122 1472 tractatas,
1142 1397 1216 1458 ante
1236 1415 1346 1458 omnes
1367 1395 1450 1459 idem

329 1497 624 1562 commemorandus
643 1500 691 1560 est
704 1495 989 1579 Michaelus⁶)‚
1005 1495 1060 1581 qui
1083 1498 1120 1560 de
1142 1499 1212 1560 tota
1235 1497 1340 1580 operis
1363 1518 1449 1561 com·

330 1593 490 1686 positione
527 1599 621 1682 plane
657 1619 773 1663 novam
807 1597 943 1682 protulit
979 1599 1178 1664 seutentiam.
1223 1598 1449 1664 Demonstrere

330 1704 412 1768 enim
437 1701 558 1768 studuit
585 1723 636 1765 res
658 1700 730 1764 inde
753 1723 771 1763 a
794 1699 973 1785 principatu
997 1700 1141 1766 Caesaris
1164 1699 1309 1780 Nervae,
1342 1725 1360 1765 a
1386 1725 1449 1787 quo

330 1808 398 1891 ipse
430 1804 617 1871 Ammianus
651 1801 761 1866 XXXI
794 1811 846 1880 16,
879 1812 896 1872 9
929 1825 961 1867 se
990 1825 1057 1868 esse
1088 1825 1237 1868 exorsum
1269 1806 1448 1889 profitetur,
1560 1811 1566 1888 f

329 1931 429 1993 usque
453 1908 492 1971 ad
516 1929 633 1970 annum
655 1929 686 1988 p.
706 1905 833 1969 Chen.
854 1914 925 1984 353,
947 1907 1030 1976 unde
1052 1905 1135 1970 liber
1157 1913 1289 1990 quartus
1312 1909 1451 1973 decimus

328 2011 455 2074 initium
489 2009 590 2091 capit,
627 2007 756 2072 uberius
791 2007 1042 2092 explicatiusque
1074 2031 1093 2072 a
1126 2010 1281 2093 scriptore
1312 2011 1450 2096 digestas

330 2113 428 2196 fuisse
463 2133 560 2196 quam
595 2116 632 2175 ut
662 2110 815 2174 tredecim
850 2110 941 2175 libris
972 2110 1065 2175 uobis
1094 2112 1265 2195 deperditis
1295 2114 1450 2178 contineri

329 2217 527 2301 potuissent;
560 2213 658 2278 immo
692 2212 899 2278 Ammianum
931 2215 1042 2278 eodem
1072 2215 1167 2280 modo
1199 2238 1262 2300 quo
1294 2216 1448 2294 Tacitum,

330 2340 426 2403 quem
448 2317 640 2396 imitaretur,
670 2317 732 2380 duo
763 2316 982 2401 composuisse
1005 2337 1111 2400 opera,
1134 2318 1168 2381 in
1191 2340 1326 2402 quorum
1349 2318 1450 2384 altero

330 2443 381 2486 res
402 2421 475 2486 inde
498 2443 516 2484 a
538 2417 647 2484 Nerva
669 2442 770 2504 usque
792 2421 831 2484 ad
849 2423 987 2485 mortem
1008 2418 1208 2485 Constantini
1221 2419 1331 2505 Magni
1350 2442 1449 2504 expo·

329 2525 420 2602 sitas,
452 2523 553 2588 altero
585 2544 661 2587 suae
691 2523 804 2587 aetatis
834 2521 1020 2587 memoriam
1044 2523 1083 2586 ab
1107 2544 1145 2588 eo
1166 2523 1316 2588 traditam
1335 2522 1447 2587 'fuisse

287 2697 289 2702 ,
329 2625 446 2692 Fateor
474 2625 553 2690 mihi
574 2625 701 2710 quidem
728 2625 891 2692 hominem
913 2625 1130 2690 doctissimum
1154 2625 1336 2711 opinionem
1359 2647 1448 2689 suam

329 2729 407 2794 satis
424 2729 595 2794 reddidisse
617 2729 840 2806 verisimilem3
863 2751 937 2793 nam
960 2730 1045 2814 qnod
1068 2731 1207 2795 obvertit
1230 2731 1259 2794 ei
1281 2727 1447 2794 Schwe-

328 2831 466 2916 bius⁷)‚
499 2831 551 2897 cui
572 2831 633 2914 ipsi
654 2835 691 2895 ut
712 2829 921 2914 persuasurus
944 2833 1042 2896 fuerit
1063 2832 1148 2898 haud
1171 2833 1308 2897 multum
1328 2832 1446 2898 afuisse

328 2935 471 3012 videtur,
509 2957 600 3012 „mon
630 2933 832 2999 entsohliesst
862 2934 930 3000 sich
960 2934 1041 3000 doch
1075 2935 1197 3000 schwer
1223 2935 1282 3000 auf
1301 2934 1447 3000 Cruende

329 3035 394 3115 hin,
419 3035 540 3101 welche
561 3035 661 3100 leicht
682 3035 836 3101 ttusehen
851 3038 988 3117 keruer,
1004 3038 1087 3102 ohne
1105 3037 1216 3124 irgend
1235 3037 1287 3102 ein
1306 3045 1448 3102 'eusseres

328 3139 466 3225 Zeugnis
499 3139 571 3204 deni
602 3138 752 3204 Ammian
783 3140 833 3204 ein
865 3141 993 3208 zweites
1021 3163 1056 3205 so
1083 3141 1316 3206 ausfuhrliches
1348 3141 1448 3206 Werk

328 3242 546 3328 beiaulegeu“,
569 3242 601 3306 id
623 3242 702 3307 mihi
724 3265 789 3307 non
809 3243 947 3308 multum
971 3242 1077 3308 valere
1099 3244 1234 3324 videtur,
1257 3266 1329 3308 eum
1352 3245 1447 3308 etiam

327 3346 360 3410 id
382 3368 473 3430 opus,
496 3346 585 3411 cuius
606 3367 682 3429 pars
703 3349 839 3411 aetatem
862 3345 950 3424 tulit,
974 3346 1073 3411 semel
1095 3351 1219 3410 tontum
1243 3369 1261 3412 a
1288 3348 1448 3413 veteribus

416 3586 434 3654 ¹)
452 3585 512 3640 Iud.
530 3587 594 3640 leet.
614 3586 727 3642 Vretisl.
748 3586 820 3642 1874.
839 3617 873 3626 —-
891 3585 984 3640 Herm.
1003 3586 1069 3640 VIH
1088 3605 1114 3658 p.
1133 3586 1182 3642 257
1201 3605 1261 3656 sqq.

413 3674 432 3740 ἰ
451 3672 492 3727 De
506 3671 650 3728 Ammiani
660 3671 817 3728 Marcellini
832 3669 933 3725 studiis
947 3669 1144 3726 Ciceronianis.
1163 3671 1227 3727 diss.
1243 3673 1357 3728 Vratisl.
1374 3672 1447 3726 1874.

414 3760 434 3823 ³)
452 3752 555 3816 Philol.
573 3757 663 3816 XXIX
681 3777 708 3828 p.
726 3759 776 3812 557
794 3775 855 3828 sqq.

375 3845 381 3858 '
412 3844 434 3910 ⁴)
452 3843 554 3898 Philol.
574 3841 689 3898 XXXVI
706 3863 732 3914 p.
751 3845 801 3899 627
820 3861 880 3912 sqq.

414 3931 433 3996 ⁵)
451 3927 632 3993 Quaestiones
650 3929 841 3986 Ammianeae.
861 3928 924 3984 diss.
944 3926 1063 3983 Berolin.
1093 3927 1167 3982 1879.

412 4015 432 4081 ⁶)
453 4014 519 4082 „Die
547 4015 711 4071 verlorenen
734 4015 843 4072 Bdeher
870 4015 918 4070 des
947 4014 1112 4068 Ammianus
1138 4014 1343 4070 Marcellinus‘.
1376 4014 1445 4068 Vra·

326 4100 418 4154 tislav.
439 4101 512 4156 1880.

412 4188 432 4254 ²)
450 4187 564 4242 Teuffel.
583 4187 616 4240 H.
635 4186 664 4240 L.
684 4187 727 4241 R.⁴
746 4205 772 4256 p.
793 4189 864 4242 1010.
