3308 4934
794 354 1123 416 -24-'

333 535 461 602 adsensi
483 535 674 624 tranquillas
695 541 724 601 et
745 536 846 622 fidos,
876 543 912 606 nt
937 559 994 604 aec
1015 537 1104 604 bellis
1124 540 1236 624 necari
1256 561 1313 608 nac
1334 546 1455 610 cantori

334 638 462 735 ¹(motari
482 635 661 724 Bentleius)
684 639 893 708 seditionibus
910 645 1039 724 possint.
1082 639 1157 708 Non
1180 641 1277 726 plane
1298 643 1454 734 intellego

211 777 213 784 ,
333 740 492 826 quomodo
520 742 610 807 sedes
634 741 718 806 fidae
745 741 902 828 appellari
936 743 1070 828 possintr
1113 742 1296 812 Verisimile
1329 747 1455 816 videtur

333 844 497 928 scripsisse
519 844 724 916 Ammiennm
745 845 935 930 tranquillas
955 850 1116 925 etsinas.
1139 846 1180 914 ct.
1203 845 1314 916 XXXI
1337 858 1372 932 2,
1404 861 1453 924 10.

381 1128 383 1138 y
418 1049 504 1120 xlm
529 1057 558 1131 5,
581 1059 624 1120 8..
655 1050 718 1118 His
747 1071 784 1118 ac
804 1049 922 1118 totitas
943 1051 1077 1120 sntinde
1098 1053 1182 1120 inter
1203 1053 1313 1140 epotas
1334 1057 1455 1124 sobriae

324 1156 484 1243 porfnpo,
513 1153 570 1220 nti
598 1153 636 1220 de
658 1159 817 1236 apparata
846 1152 997 1234 tettornm
1018 1158 1046 1220 et
1067 1154 1162 1222 seniis
1183 1157 1274 1227 retns
1294 1161 1384 1244 apnd
1404 1181 1455 1230 eoo

318 1255 514 1327 dracaena
553 1255 732 1346 (protornm
767 1255 814 1336 V,
853 1255 1036 1327 Daroornm
1074 1256 1342 1329 Wilemouitzius
1381 1265 1453 1332 0011.

337 1358 487 1427 Herodot.
510 1357 526 1426 Ι
550 1359 623 1445 133)
656 1380 740 1426 more
760 1365 896 1428 oeternm
917 1359 1123 1440 conenitatnr,
1147 1383 1251 1447 repon
1271 1367 1456 1438 incendebat

333 1463 508 1546 ardentem,
530 1469 573 1532 nt
599 1469 709 1534 enada
729 1465 830 1534 tiene
850 1466 958 1533 statim
979 1487 1071 1534 arma
1084 1470 1191 1546 frans
1203 1470 1359 1545 fortnnae
1377 1491 1455 1540 enoc

332 1567 554 1651 mopnitndine
575 1569 758 1642 concitaret,
789 1569 915 1654 ipsein
934 1567 1042 1636 maltis
1063 1591 1101 1642 nc
1121 1573 1308 1646 noeoeane
1329 1595 1455 1658 opernm

333 1689 425 1738 socam
443 1669 582 1758 fidenter
607 1673 803 1754 promittens.
847 1669 924 1738 Non
952 1675 1001 1738 est
1029 1693 1111 1757 opus
1131 1693 1204 1738 cum
1226 1673 1373 1746 Bentleio
1395 1699 1453 1762 pro

327 1773 466 1860 fidenter
500 1773 620 1840 sambae
653 1772 807 1861 fideliter,
848 1775 888 1848 cf.
924 1773 1002 1842 XIX
1038 1783 1107 1856 1,t
1140 1776 1270 1860 ideoque
1295 1829 1302 1843 .
1327 1830 1366 1845 ..
1396 1801 1454 1846 rec

338 1875 559 1946 Chionitarnm
599 1875 787 1947 Grumbates
819 1879 958 1964 fidenter
987 1898 1087 1948 veccon
1121 1900 1245 1966 oporam
1278 1887 1453 1948 naoatnrns

332 1980 479 2048 tendebat
509 1980 552 2046 od
579 1981 718 2060 moenio,
748 1983 779 2044 et
802 1978 881 2047 XXI
904 1989 933 2061 5,
959 1987 977 2048 t
1000 1985 1033 2048 at
1055 2000 1107 2046 aas
1129 2002 1165 2046 ca
1185 2001 1268 2048 more
1281 1982 1450 2068 fidentiano

334 2083 450 2150 dncnm
472 2083 649 2150 iuramento
670 2101 785 2168 annoso
806 2084 1004 2152 concordiam
1025 2084 1179 2167 spondete.
1218 2082 1333 2152 Contra
1352 2084 1450 2152 111101

333 2186 494 2254 neminem
529 2185 633 2254 adhuc
669 2185 840 2255 offendisse
875 2186 910 2253 in·
940 2187 1047 2255 verbis
1076 2207 1177 2271 repom
1198 2189 1379 2256 incendebat
1400 2211 1450 2255 ar·

332 2290 468 2370 aenean,
499 2311 604 2376 neque
638 2289 723 2355 enim
753 2290 781 2354 si
803 2289 936 2356 ardebat
957 2287 1060 2374 Sapor
1081 2312 1152 2370 rex,
1184 2311 1258 2356 eum
1281 2315 1300 2356 a
1320 2291 1456 2378 perfuga

332 2392 391 2458 1110
423 2392 548 2464 incendi
578 2413 658 2477 opus
681 2396 759 2457 erat.
806 2391 909 2458 Aliter
931 2413 982 2458 res
1005 2397 1190 2477 comparato
1211 2398 1260 2460 001
1281 2393 1361 2460 XIV
1384 2403 1413 2474 5,
1435 2402 1456 2464 Ὶ5

333 2501 361 2562 et
382 2495 509 2565 caitiale
530 2495 588 2563 100
609 2495 731 2569 oitinm,
756 2496 838 2578 qnod
859 2497 896 2562 in
910 2495 994 2564 aliis
1011 2517 1075 2564 non
1098 2517 1262 2579 nunqnam
1283 2499 1454 2581 intepescit,

333 2601 369 2664 in
391 2597 449 2666 illo,
469 2599 581 2664 aetatis
596 2616 769 2682 propressn
791 2597 1021 2682 effmaeecetat,
1047 2598 1235 2666 obstinatam
1255 2601 1325 2666 eins
1341 2617 1458 2683 propo*

332 2703 429 2769 sitnm
463 2701 648 2781 accendente
682 2699 885 2770 adntotornm
919 2699 1055 2776 cohorte,
1088 2701 1203 2786 quibus
1235 2703 1342 2770 verbis
1374 2701 1455 2768 nihil

266 2865 268 2869 ,
333 2804 421 2871 01111
446 2804 644 2894 significetur
674 2802 937 2871 01010010101111
965 2804 1108 2870 animum
1135 2827 1248 2890 perse
1271 2805 1454 2891 adceperi-

333 2912 433 2975 tatem
463 2930 658 2994 propensum
691 2908 742 2972 ab¹
764 2907 984 2976 adulatoribus
1016 2908 1113 2977 etiem
1140 2909 1252 2996 imagis
1287 2910 1453 2976 incitatum

333 3034 410 3081 0000.
457 3013 590 3078 Accedit
612 3011 644 3081 id
667 3033 794 3098 quoque
817 3012 996 3091 discrimen,
1020 3013 1105 3097 quod
1127 3012 1258 3080 001000
1280 3035 1375 3098 quem
1396 3035 1455 3079 nos

332 3118 524 3196 tractamus,
560 3115 593 3180 in
624 3115 748 3180 duobus
782 3114 848 3180 11110
878 3116 1001 3194 verbis,
1035 3116 1223 3187 incendendi
1254 3123 1288 3182 01
1316 3116 1454 3194 ardendi,

292 3305 294 3311 Ι
331 3218 426 3303 plane
455 3218 565 3284 eadem
595 3218 678 3302 inest
706 3219 834 3304 imago,
860 3241 924 3303 quo
955 3217 1084 3303 quidem
1111 3241 1146 3284 10
1175 3242 1247 3288 cum
1269 3219 1455 3286 incendendi

330 3322 428 3388 verbo
447 3344 486 3386 ne
507 3322 638 3388 minima
656 3321 785 3406 quidem
803 3321 963 3390 efficiatur
980 3321 1138 3408 gradatio,
1153 3322 1311 3392 sententia
1325 3342 1454 3406 prorsus

330 3426 367 3490 fit
388 3425 608 3492 intolerabilis.
635 3463 670 3472 -
696 3421 811 3510 Neque
842 3425 1001 3510 prolepsis
1032 3447 1114 3510 quae
1143 3424 1241 3511 uulgo
1273 3425 1455 3493 nominatur

331 3529 365 3594 in
386 3528 438 3594 his
460 3527 565 3594 verbis
588 3529 728 3612 putando
752 3533 800 3594 est
821 3529 934 3608 inesse,
949 3528 1038 3602 ouius
1054 3528 1257 3596 notissimum
1273 3526 1454 3611 exemplum

330 3637 379 3697 001
412 3631 518 3697 011111
547 3631 627 3696 illud
650 3634 791 3718 (metam.
814 3630 863 3697 III
886 3633 939 3716 76)
971 3633 1101 3698 uitiatas
1131 3630 1231 3716 infecit
1254 3647 1363 3698 ‘airas
1407 3629 1455 3694 ua

330 3736 414 3800 enim
437 3735 560 3802 dicendi
591 3735 674 3800 ratio
706 3735 745 3799 ad
775 3739 887 3819 poetas
909 3733 1049 3818 pertinet
1078 3737 1109 3798 01
1131 3755 1245 3798 vereor
1266 3737 1304 3799 ut
1325 3734 1352 3798 01
1374 3733 1454 3798 Am-

330 3838 471 3904 mianum
500 3837 650 3925 perlegas
679 3845 826 3924 apertum
854 3839 922 3903 eius
953 3837 1135 3923 exemplum
1162 3837 1315 3903 inveniar.
1362 3835 1454 3902 Certe

330 3963 369 4006 ne
391 3940 452 4011 hoc
476 3940 545 4008 loco
569 3941 734 4028 prolepsin
756 3942 845 4008 illam
864 3945 1051 4021 statuemus,
1067 3942 1164 4006 etiam
1184 3940 1230 4008 eis
1249 3939 1353 4006 verbis
1371 3959 1453 4022 quae

330 4050 507 4130 sequuntur
527 4050 563 4112 nt
585 4050 692 4112 canda
712 4044 813 4112 hieme
833 4047 941 4112 statim
971 4065 1062 4110 arma
1075 4045 1186 4128 fretas
1207 4045 1357 4125 fortnrme
1378 4060 1455 4106 snae

330 4147 551 4240 mannitndine
568 4149 741 4219 ¹concitaret
760 4152 818 4214 ete.
838 4148 949 4232 ntique
967 4152 1121 4222 vetamur.
1162 4145 1303 4230 Tollitur
1320 4142 1454 4212 offensio
