3308 4934
666 380 879 440 ..15¹-

211 577 302 643 modo
319 571 568 660 persuadeamus
586 565 679 630 nobis
697 601 739 612 -
762 563 852 628 cuius
869 560 917 625 rei
932 557 1085 624 indicium
1104 557 1202 622 etiam
1219 555 1333 622 lacuna

211 681 265 746 illa
287 679 413 743 videtur
436 694 504 739 esse
526 670 619 734 hians
641 668 725 732 inter
748 667 966 731 doctrinarum
989 665 1021 726 et
1037 681 1099 743 per
1119 695 1152 710 ·-
1177 658 1332 725 hocloco

212 781 431 850 confusionem
460 775 602 858 aliquam
635 771 804 835 verborum
827 766 946 831 factam
970 785 1038 829 esse
1060 785 1097 828 aa
1119 763 1165 828 sic
1186 767 1334 848 putemus

210 886 250 952 ab
274 883 445 950 Ammiano
468 877 625 961 scriptum
647 895 712 939 esse
735 873 818 956 quod
841 893 862 936 a
884 867 1016 935 Macelli
1030 867 1137 943 fundo
1155 868 1191 932 in
1211 865 1334 950 (lappa-

211 991 305 1056 docio
315 987 419 1070 posito
438 975 859 1058 Constantinopolim
877 974 899 1037 d
908 976 1133 1054 emiprarot
1155 969 1334 1035 liberalium

213 1091 367 1157 desiderio
406 1085 625 1151 doctrinarum
665 1101 707 1144 oc
742 1099 819 1161 pcc
852 1076 1000 1141 Asiam
1037 1078 1336 1140 transeuntem

215 1195 334 1259 ridant
347 1192 497 1277 fratrem.

298 1381 347 1450 xv
370 1388 400 1457 4,
424 1387 453 1445 8.
498 1375 634 1438 Enarrat
663 1370 799 1452 scriptor
828 1366 988 1452 quomodo
1015 1365 1151 1431 Arbetio
1184 1367 1336 1453 magister

214 1487 358 1571 equitum
396 1505 415 1545 a
451 1476 637 1543 Constantio
678 1472 717 1535 ad
750 1470 870 1536 bellum
915 1468 1100 1533 Alamannis
1136 1470 1336 1537 inserendum

215 1591 331 1654 missus
352 1587 387 1649 in
408 1581 616 1647 barbarorum
638 1575 768 1640 insidias
790 1573 954 1638 inciderit:
989 1572 1024 1635 in
1047 1572 1183 1639 occultas
1214 1575 1336 1641 demtus

216 1691 357 1754 insidias
378 1691 458 1750 stetit
473 1683 639 1748 immobilis
661 1679 744 1743 analo
764 1679 928 1761 repentino
941 1673 1117 1758 perculsus.
1133 1674 1208 1760 [lac.
1224 1677 1334 1764 alin]

220 1792 282 1855 nisi
311 1811 327 1854 c
355 1789 479 1854 latebris
509 1787 610 1851 tostas
642 1781 776 1848 eriliunt
803 1786 830 1844 ct
861 1782 931 1844 sinc
960 1780 1159 1862 parsimonia
1190 1784 1338 1864 quicquid

220 1894 336 1978 offendi
358 1895 482 1975 poterat
508 1893 641 1953 telorum
669 1904 781 1968 penore
811 1882 983 1965 multiplici
1014 1881 1213 1966 confipebant.
1263 1883 1338 1950 Non

217 2000 300 2060 recte
322 1994 399 2059 fecii
421 1990 684 2058 Gardthausenus
706 1987 791 2070 quod
818 2007 883 2049 non
904 1983 1046 2068 explevit
1067 1984 1214 2050 lacunam
1235 1988 1269 2052 in
1292 1988 1337 2052 V¹¹

214 2097 370 2170 relictam,
394 2117 468 2159 aum
492 2091 567 2176 quid
589 2088 748 2154 sententia
769 2087 912 2171 postulet
933 2108 998 2150 non
1021 2084 1063 2151 sit
1084 2087 1117 2151 in
1140 2088 1285 2156 obscura

308 2196 514 2260 scribendum
538 2196 587 2258 est
607 2193 644 2257 in
666 2189 800 2255 occultas
822 2189 945 2254 delatus
965 2190 1103 2256 insidias
1124 2196 1208 2258 stetit
1229 2195 1340 2258 imnic-

221 2301 295 2363 bilis
315 2298 397 2364 malo
418 2303 576 2382 repentino
590 2295 773 2380 perculsus:
796 2297 851 2372 <i
860 2297 1117 2390 mpro>oisi
1126 2297 1148 2380 ¹)
1172 2318 1188 2361 c
1209 2296 1338 2364 latebris

220 2403 320 2468 nostes
341 2402 475 2467 exiliunt
497 2407 556 2467 etc.
593 2400 633 2466 cf.
658 2422 684 2465 s.
707 2421 756 2485 gr.
781 2396 876 2463 XVII
900 2405 948 2474 10,
973 2405 1002 2466 3.

305 2573 353 2642 XV
376 2583 404 2652 5,
430 2581 478 2640 12.
523 2573 700 2658 Dynamius
722 2571 866 2656 quidam,
897 2592 968 2634 cum
991 2593 1009 2634 a
1032 2569 1162 2636 Silvano
1184 2575 1340 2658 pedestris

217 2678 350 2742 miIItiae
371 2681 495 2742 rectore
518 2675 796 2740 commendaticias
814 2674 988 2757 accepisset
1005 2671 1140 2753 litteras,
1158 2675 1337 2742 litterarum

218 2783 368 2844 contextu
383 2781 526 2844 absterso
549 2778 678 2862 solaque
697 2776 930 2860 subscriptione
948 2776 1100 2841 incolumi
1119 2777 1229 2843 relicta
1241 2780 1338 2866 louge

222 2881 285 2944 alia
307 2881 547 2965 superscripsit,
580 2880 695 2964 quibus
718 2879 865 2944 Silvanus
887 2883 924 2943 ut
946 2880 1155 2964 principalem
1177 2884 1340 2949 adfectans

223 2983 411 3068 dignitatem
444 2987 638 3070 argueretur.
694 2982 792 3048 Fraus
827 2988 935 3048 tanren
973 2981 1142 3049 Malarichi
1177 2987 1339 3052 cuiusdam

226 3107 323 3170 opera
344 3086 504 3170 patefacta
526 3091 581 3156 est.
625 3088 736 3170 lisque
758 3089 890 3170 capnitis
917 3088 1029 3151 statuit
1049 3092 1218 3170 imperator
1238 3091 1340 3174 dispi-

222 3189 376 3255 cientibus
405 3192 641 3256 consistorianis
672 3196 700 3256 et
731 3189 925 3256 militaribus
946 3192 1104 3255 uniuersis
1125 3183 1341 3276 in'nepotinm

219 3295 337 3359 acriter
367 3295 492 3378 inquiri
502 3295 526 3378 ²)
562 3315 693 3378 cumque
721 3294 842 3360 iudice-s
877 3294 1068 3359 assedissem
1080 3295 1118 3377 ⁸),
1153 3293 1341 3362 Florentius

217 3395 413 3482 Nipriniani
430 3397 522 3482 filius
543 3418 640 3481 opens
666 3403 741 3462 tuno
758 3416 819 3478 pro
840 3399 991 3479 mapistro
1013 3397 1187 3481 officiorum
1208 3404 1341 3465 contem·

216 3499 311 3580 plons
344 3500 533 3584 dilipentius
569 3503 688 3583 scripta
724 3499 910 3582 apicumque
938 3500 1154 3582 pristinorum
1187 3501 1341 3584 reliquias

221 3603 371 3680 quosdam
393 3607 554 3687 reperiens
576 3603 816 3676 animaduertit,
843 3607 879 3668 ut
893 3606 1026 3688 factum·
1042 3608 1102 3679 est,
1125 3610 1233 3688 priore
1253 3609 1341 3670 tantu

219 3703 402 3786 interpolato
431 3706 521 3790 lonpc
551 3706 618 3772 alia
648 3727 742 3790 quam
777 3705 915 3770 dictarat
938 3707 1103 3788 Siluanus,
1135 3732 1174 3776 ea
1203 3699 1350 3776 libidine

219 3843 420 3855 Ἢ

306 3927 327 3989 ')
347 3945 384 3982 an
399 3929 561 3984 <subito>
577 3931 727 3985 visitate.
738 3948 779 3998 gr.
790 3926 908 3982 XXVIII
917 3930 942 3996 5,
952 3932 968 3985 6
976 3953 983 3996 ;
992 3931 1083 3985 XXXI
1092 3933 1116 3997 9,
1125 3935 1157 3998 4;
1168 3931 1258 3986 XXXI
1270 3935 1308 3998 11,
1318 3936 1342 3988 4.

303 4015 322 4074 ²)
340 4014 380 4068 sie
400 4014 542 4068 Bentleius
560 4033 610 4084 pro
625 4018 856 4084 praeterinqniri.
884 4016 917 4068 cf.
936 4015 1005 4071 Mus.
1024 4017 1111 4072 Rhea.
1127 4017 1161 4071 N.
1176 4017 1202 4071 S.
1220 4017 1338 4072 XXXIII

217 4113 244 4164 p.
263 4098 314 4152 472
331 4116 374 4166 sq.

305 4185 324 4249 ³)
342 4184 381 4236 sic
401 4183 561 4251 Madvigius
579 4185 695 4249 (advers.
714 4187 754 4240 III
772 4205 799 4255 p.
818 4187 879 4252 253)
896 4205 946 4257 pro
964 4191 1143 4256 fastidierant.
