3308 4934
677 339 888 398 ...53-

302 517 413 587 xxviii
438 525 467 597 4,
493 526 543 586 33.
587 521 626 580 Iol
657 522 734 581 enin
754 536 834 580 nnnc
853 523 1001 594 repennn
1022 524 1064 580 aar
1080 536 1138 594 pro
1159 519 1259 582 sondn
1280 521 1346 580 lon

215 623 286 684 παπ
313 623 489 698 impensiore
510 639 566 698 per
596 623 758 698 opponens
779 621 909 681 tornines
930 621 971 681 od
991 617 1170 695 plonnonn
1181 621 1219 704 ¹),
1248 624 1281 680 nt
1311 622 1345 682 in

216 725 295 786 απππΙ
316 727 479 800 spectaculo
501 725 661 800 enodiora‘o,
683 725 830 796 venatori,
852 724 979 800 aaron
1000 727 1027 784 et
1048 720 1226 784 histriornnn
1245 725 1346 800 nonen·

214 827 295 886 onna'
324 831 351 886 et
378 827 527 890 indicibus
548 829 631 888 celsis
652 825 810 903 sennenque
832 825 997 889 minoribns
1018 843 1071 890 neo
1091 843 1152 886 παπ
1173 827 1262 890 nnn
1281 843 1345 887 no·

213 931 309 990 tronis
329 932 471 992 clametur
492 931 619 992 cesione
643 948 713 1006 «per
734 934 761 991 te
782 931 833 990 ille
855 931 968 990 disent»
993 929 1053 991 etc.
1094 925 1238 1011 Opponit
1254 926 1343 994 Mar·

215 1029 349 1094 cellinus
379 1031 564 1097 hominibus
596 1031 635 1096 ad
663 1030 858 1116 plodendum
889 1029 1077 1114 applicatis,
1105 1030 1161 1114 qui
1181 1029 1344 1113 prioribus

214 1132 414 1214 temporibus
436 1135 618 1200 scaenarios
641 1133 780 1199 artifices
802 1132 968 1219 plausibus
987 1132 1245 1216 clamoribusque
1266 1153 1343 1216 pro·

217 1235 359 1314 bassani,
391 1237 511 1302 iudices
541 1236 643 1304 celsos
674 1237 878 1321 minoresque
910 1240 942 1300 et
970 1241 1151 1313 matronas,
1184 1254 1265 1318 quos
1287 1255 1344 1298 sua

214 1340 320 1402 aetate
343 1338 384 1403 ad
406 1339 575 1422 strepitum
599 1339 693 1404 illum
714 1338 903 1404 descendere
928 1339 984 1402 ait.
1029 1337 1157 1402 Haereo
1180 1341 1288 1402 autem
1310 1337 1344 1403 in

214 1439 370 1504 vocabulo
393 1447 419 1502 et
441 1441 526 1524 quod
549 1445 638 1506 extat
661 1445 734 1506 ante
756 1443 914 1506 indicibus.
951 1441 1153 1524 Quamquam
1175 1439 1262 1506 enim
1279 1461 1345 1506 non

214 1541 329 1626 ignoro
352 1543 437 1625 apud
458 1542 668 1608 Ammianum
690 1565 749 1627 pro
772 1565 792 1606 o
815 1566 888 1608 cum
911 1541 1052 1608 ablativo
1080 1542 1179 1608 etiam
1200 1542 1344 1608 dativum

215 1666 232 1707 e
261 1644 389 1727 passiva
419 1645 509 1709 verbi
537 1645 643 1711 forma
674 1667 903 1730 nonnunquam
935 1645 1111 1730 dependere
1135 1644 1189 1729 (cf.
1219 1667 1250 1729 p.
1274 1646 1342 1730 33),

215 1750 323 1811 tamen
345 1748 378 1813 id
398 1747 459 1811 hoc
488 1748 576 1827 locu,
608 1747 665 1812 ubi
695 1749 890 1831 praecedunt
915 1751 1069 1832 quattuor
1091 1747 1191 1812 dativi
1212 1767 1344 1832 prorsus

215 1849 310 1913 aliter
341 1851 517 1934 comparati
550 1850 604 1914 vix
634 1849 712 1915 ferri
733 1871 827 1934 posse
849 1853 938 1933 puto.
984 1849 1119 1914 Accedit
1141 1849 1227 1933 quod
1248 1870 1344 1914 voca·

213 1950 326 2016 bulum
357 1959 383 2016 et
414 1975 478 2018 non
508 1953 608 2017 habet
639 1953 724 2037 quod
754 1953 815 2017 sibi
845 1951 1052 2036 respondect3
1086 1973 1161 2014 nam
1189 1951 1268 2036 quin
1289 1971 1345 2028 pne

213 2053 294 2119 illud
316 2054 402 2138 quod
424 2056 527 2119 estin
549 2059 706 2133 itidemque
729 2076 766 2120 eo
789 2055 948 2138 respicere
970 2075 1165 2134 censeamus,
1182 2059 1215 2118 et
1236 2055 1344 2138 ipsum

214 2156 295 2221 illud
325 2159 428 2220 itidem
460 2158 567 2222 obstat
598 2162 630 2222 et
660 2157 746 2242 quod
776 2157 896 2222 iudices
927 2155 1003 2221 celsi
1030 2161 1062 2220 et
1084 2157 1224 2220 minores
1245 2178 1344 2222 unam

214 2261 342 2324 tantum
365 2259 500 2324 classem
523 2259 677 2340 efficiunt,
693 2282 775 2345 quae
797 2257 963 2343 particulis
985 2266 1081 2335 er-qoe
1098 2258 1145 2322 ita
1161 2259 1216 2324 rix
1234 2263 1344 2343 posset

213 2361 377 2447 distingui.
422 2361 472 2428 Ac
494 2384 534 2427 ne
556 2384 595 2427 ea
618 2363 747 2448 quidem
769 2364 876 2443 verba,
900 2383 982 2446 quae
1004 2365 1080 2426 sunt
1100 2379 1152 2425 neo
1173 2380 1234 2424 παπ
1255 2365 1344 2426 elion

213 2461 346 2528 voculae
369 2471 395 2528 et
416 2465 498 2529 bene
521 2465 723 2548 respondent,
743 2466 861 2549 quibus
883 2464 930 2530 eis
952 2485 1035 2548 quae
1058 2463 1250 2528 concedunt
1268 2464 1343 2528 novi

212 2563 335 2649 aliquid
356 2567 558 2653 adiungatur,
582 2567 621 2632 de
643 2588 707 2651 quc
730 2567 867 2651 scriptor
890 2588 963 2631 cum
985 2565 1094 2649 priora
1112 2564 1170 2630 illa
1188 2565 1343 2630 scriberet

212 2668 282 2751 ipse
311 2671 453 2736 nondum
484 2669 684 2755 cogitaverit.
730 2669 818 2746 Quae
840 2691 909 2734 cum
931 2668 977 2733 ita
999 2669 1077 2748 sint,
1101 2667 1208 2734 nullus
1230 2667 1342 2734 dubito

212 2773 291 2855 quin
308 2773 499 2838 Ammianus
518 2771 682 2856 scripserit
699 2793 719 2835 o
736 2774 924 2836 indicibus
946 2775 1029 2834 oelso's
1047 2775 1107 2838 sto.
1131 2769 1344 2836 Vocabulaot

212 2877 246 2936 et
274 2895 294 2936 α
322 2874 476 2940 facillime
510 2875 595 2939 inter
629 2896 663 2938 se
695 2874 886 2938 commutari
921 2874 1065 2958 potuisse
1099 2873 1154 2938 vix
1177 2874 1226 2938 cst
1257 2872 1344 2957 quod

159 2999 161 3004 ·
211 2996 370 3041 moneam.
381 2978 408 3060 ²)

297 3179 406 3248 xxvio
440 3190 468 3258 5,
498 3189 515 3246 7
547 3182 592 3245 sic
622 3181 792 3266 legendum
822 3185 886 3246 cst:
923 3181 969 3244 Ac
999 3183 1065 3243 licet
1092 3183 1189 3243 iustus
1220 3181 1343 3256 ππὶάαπ

210 3286 321 3345 noller
361 3302 461 3346 rercnn
496 3285 615 3360 soctan
661 3285 1103 3361 incusabit<nt>perfidnn
1139 3288 1166 3344 et
1207 3283 1343 3360 deforme,

204 3391 328 3460 pensato
360 3393 460 3449 onnon
488 3391 602 3466 nepotio
632 3407 693 3451 non
715 3389 796 3464 feret
825 3389 948 3464 indicna
969 3404 1091 3448 nmnnno
1113 3388 1263 3448 lotroonnn
1284 3385 1344 3448 ent

208 3490 307 3550 notem
345 3493 465 3552 lunden
503 3493 589 3567 cepio
628 3493 702 3554 doto
738 3495 945 3567 cnrsnnptonn.
986 3526 1026 3534 —
1066 3494 1266 3566 nnsnnoptom
1305 3507 1345 3550 ex

303 3695 320 3760 ¹)
339 3693 420 3748 codd.
439 3697 612 3764 loquendam,
630 3712 698 3750 corr.
717 3692 919 3749 OFWMueller
937 3693 955 3746 l.
974 3710 997 3747 c.
1015 3713 1043 3764 p.
1061 3693 1120 3750 360.

296 3779 314 3847 ²)
333 3778 430 3834 Etiam
449 3777 514 3832 XVI
530 3780 556 3847 4,
577 3779 598 3844 1,
617 3780 667 3834 ubi
685 3780 716 3834 in
733 3777 773 3832 V⁰
796 3780 897 3834 extant
914 3779 999 3834 haec:
1018 3782 1078 3836 ideo
1091 3779 1253 3844 confidentes
1270 3780 1343 3846 qnod

208 3868 233 3918 ei
251 3882 298 3918 noc
316 3867 452 3918 scutarios
468 3867 561 3918 adesse
579 3872 604 3918 et
616 3867 673 3932 πᾶα
690 3867 827 3919 montibus
839 3867 971 3932 personis
989 3868 1152 3931 didicerant,
1163 3865 1215 3918 aut
1232 3861 1343 3918 Gelenii

208 3951 401 4016 coniecturae,
426 3949 475 4018 qui
499 3951 679 4018 prodentibus
706 3949 810 4016 edidit,
836 3951 887 4002 aut
914 3949 1102 4006 Cornelisseni
1126 3946 1241 4013 (Mnem.
1260 3945 1295 4000 N.
1314 3946 1341 4002 S.

208 4036 282 4090 XIV.
300 4054 327 4105 p.
345 4035 414 4102 243),
433 4035 482 4103 qui
495 4037 739 4102 praemanantibus
757 4033 935 4089 scribendum
956 4051 1015 4092 esse
1033 4033 1156 4097 censuit,
1181 4031 1213 4084 id
1230 4030 1344 4088 videtur

209 4120 371 4176 addendum
390 4136 449 4176 esse
466 4121 499 4176 ut
516 4117 588 4174 illud
607 4127 639 4186 et,
657 4120 734 4187 quod
752 4135 914 4188 perversum
934 4122 985 4186 est,
1003 4122 1145 4174 mutemus
1164 4116 1195 4174 iu
1213 4138 1239 4174 a.
