3308 4934
680 331 866 396 ...3.-

214 517 483 597 commemoretur
519 512 574 598 (cl.
613 511 766 580 Priscian.
785 546 788 554 ·
807 509 855 578 XI
893 519 931 581 51
972 533 1046 598 pag.
1092 521 1154 582 487
1195 511 1242 579 ed.
1278 511 1334 596 Η.)

212 619 344 704 ipseque
362 615 550 684 Schwabius
572 615 725 684 concedat
750 614 829 694 ,deu
843 614 977 680 Verlust
994 617 1049 682 des
1067 619 1215 702 grdssteu
1230 615 1336 682 'Ieiles

211 722 312 788 dieses
348 719 562 806 zweiteiligen
594 719 730 786 Werkes
758 719 867 786 wurde
898 741 973 784 man
1003 740 1061 785 aus
1091 720 1164 784 dem
1192 717 1336 805 Umfang

210 825 269 890 wie
305 847 363 890 aus
398 824 454 889 der
488 821 868 890 schwerverstitndlichen
903 821 1133 888 Schreibwaise
1153 821 1336 888 *erklaeren

208 928 369 992 konnen.

297 1028 345 1094 De
388 1028 615 1116 geographicis
659 1029 823 1094 Ammiani
865 1027 1009 1094 fontibus
1050 1027 1116 1092 iam
1159 1025 1334 1092 Gardt-

210 1132 431 1198 hausenus
444 1132 467 1217 ¹)
489 1132 692 1198 disseruerat.
725 1131 868 1198 Eandem
885 1151 957 1196 rem
979 1132 1083 1196 deuuo
1106 1129 1274 1215 multoque
1295 1131 1335 1196 ad

210 1235 464 1319 persuadendum
486 1234 593 1320 aptius
610 1235 760 1301 tractavit
774 1234 960 1301 Theodorus
978 1233 1197 1300 Mommsen
1208 1233 1246 1318 ²),
1262 1256 1333 1299 cum

209 1336 328 1402 libellis
351 1335 649 1421 Schuffneri‘),
676 1335 1035 1421 Schleussneri⁴),
1057 1335 1333 1422 Wilkensii⁵)

209 1439 291 1504 nihil
312 1440 391 1520 fere,
420 1462 483 1526 quo
507 1441 651 1525 quaestio
673 1439 731 1506 illa
752 1462 948 1528 magnopere
971 1441 1183 1520 adimeretur,
1197 1435 1333 1524 'profec-

208 1547 278 1610 tum
301 1543 354 1608 sit.
366 1541 390 1626 ⁶)
435 1541 484 1608 De
504 1542 740 1626 praefectorum
762 1543 851 1608 urbis
873 1542 995 1610 Rornae
1018 1535 1101 1628 a'pud
1126 1543 1332 1609 Ammianum

210 1645 292 1710 serie
314 1644 401 1710 haud
422 1645 504 1710 mole
528 1645 766 1731 Seeckiusl)
789 1646 974 1731 disputavit,
1005 1647 1044 1712 de
1066 1649 1227 1733 potestate
1251 1646 1333 1712 iudi-

211 1769 284 1812 cum
306 1746 544 1828 Germanorum,
568 1748 624 1834 qui
641 1749 762 1834 passim
784 1749 824 1814 ab
843 1749 1014 1814 Ammiano
1034 1751 1333 1827 commemorantur,

210 1851 436 1939 Dahuius⁸)
459 1852 613 1919 nonnulla
635 1854 793 1938 exposuit.

294 1953 425 2022 Summo
454 1956 591 2040 denique
615 1956 785 2022 Ammiano
814 1955 980 2020 novissimi
1011 1955 1086 2020 anni
1117 1953 1332 2020 emolumento

207 2058 338 2124 fuerunt
374 2060 460 2144 quod
497 2063 608 2124 artem.
633 2059 775 2124 criticam
807 2058 931 2124 attinet.
985 2058 1094 2144 Atque
1124 2058 1229 2141 primo
1260 2057 1332 2142 qui-

208 2163 279 2229 dem
308 2162 380 2227 loeo
410 2163 620 2230 nominandae
652 2166 726 2228 sunt
758 2163 857 2228 divini
881 2160 1054 2228 Bentlei
1085 2159 1331 2239 emendationes,

210 2286 288 2349 quas
332 2286 381 2338 ex,
414 2265 589 2351 exemplari
629 2266 697 2332 eius
740 2265 914 2351 descriptas
956 2251 1331 2352 Zangemeiste‘ffl)

208 2370 240 2431 et
278 2367 610 2454 Scbroeder¹⁰)
650 2370 816 2434 ediderunt
856 2372 889 2432 et
927 2368 965 2434 de
1006 2369 1121 2453 quibus
1160 2389 1225 2433 uon
1269 2367 1331 2431 im-

205 2470 321 2534 merito
357 2470 620 2558 Francogsllicus
658 2472 787 2557 quidam
823 2471 951 2537 criticus
985 2470 1036 2537 bis
1071 2471 1190 2535 iudicat
1226 2469 1331 2534 verbis

204 2561 327 2657 (Rdvue
358 2575 412 2638 des
441 2551 554 2640 rivues
588 2583 669 2644 1878
700 2598 731 2659 p.
757 2576 831 2659 134)
856 2571 953 2654 ,c’est
982 2595 1025 2638 un
1047 2572 1202 2639 veritable
1227 2575 1332 2637 besor

294 2761 312 2826 ¹)
329 2763 431 2818 Annal.
449 2763 519 2833 phil.
538 2764 629 2833 suppl.
646 2763 686 2818 VI
704 2783 731 2834 p.
749 2763 800 2819 509
818 2782 878 2832 sqq.

293 2848 313 2912 ⁸)
330 2847 425 2901 Herm.
445 2847 510 2902 XVI
526 2865 553 2918 p.
572 2849 623 2903 602
640 2865 701 2917 sqq.

293 2933 314 2998 ³)
332 2933 497 2986 Ammianus
520 2933 701 2988 Marcellinus
725 2933 756 2987 in
781 2951 875 2989 rerum
902 2936 1047 3003 gestarum
1081 2933 1162 2988 libris
1197 2949 1271 3002 quae
1299 2931 1334 2985 de

209 3015 322 3070 sedibus
353 3033 386 3072 ac
413 3018 537 3073 moribus
561 3019 748 3088 complurium
775 3019 904 3088 gentium
932 3019 1085 3090 scripserit,
1117 3019 1223 3088 quibus
1249 3019 1335 3074 rebus

207 3101 322 3156 differat
348 3102 385 3156 ab
413 3102 477 3156 aliis
503 3104 700 3174 scriptoribus,
725 3103 827 3173 quibus
856 3121 919 3158 cum
946 3103 981 3158 iis
1008 3106 1146 3174 congruat
1175 3103 1335 3172 exponitur.

207 3187 344 3256 Meining.
366 3187 439 3242 1877.

291 3274 312 3340 ⁴)
332 3271 410 3338 Quae
437 3273 511 3328 ratio
536 3272 610 3329 inter
628 3274 719 3329 Taciti
737 3274 919 3330 Germaniam
947 3291 980 3328 ac
998 3277 1104 3330 ceteros
1122 3272 1232 3332 saeculi
1248 3270 1336 3342 primi

206 3360 293 3414 libros
320 3359 442 3424 latinos,
470 3359 500 3414 in
528 3360 628 3430 quibus
646 3361 781 3416 Germani
798 3363 969 3430 tangantur,
993 3359 1169 3418 intercedere
1188 3358 1338 3424 videatur3

205 3445 344 3501 accedunt
360 3445 416 3501 loci
434 3445 551 3514 quidam
569 3447 713 3502 Ammiani
732 3447 898 3503 Marcellini.
930 3448 1023 3502 Barm.
1045 3445 1118 3502 1886.

295 3530 315 3597 ⁵)
332 3529 515 3595 Quaestiones
540 3531 575 3588 de
592 3532 738 3588 Strabonis
759 3533 943 3603 ¹aliorumque
961 3549 1053 3587 rerum
1073 3530 1252 3588 Gallicarum
1275 3546 1338 3586 auc·

206 3616 297 3670 torum
315 3615 448 3670 fontibus.
477 3615 541 3672 diss.
560 3617 650 3672 Marb.
672 3618 745 3674 1886.

291 3701 312 3767 ⁰)
329 3701 502 3771 Christopbii
527 3701 633 3758 librum
661 3703 849 3773 ,geographie
876 3701 1035 3758 d'Ammien
1062 3700 1230 3760 Marcellin“
1258 3701 1339 3771 Lyou

205 3786 271 3841 1880
289 3786 426 3855 inspicere
443 3804 499 3841 non
516 3788 605 3858 potui.
983 3795 991 3838 l

291 3875 310 3939 ²)
327 3871 421 3928 Herm.
440 3873 532 3928 XVIII
549 3892 576 3944 p.
595 3875 646 3928 298
664 3893 725 3944 sqq.

290 3961 310 4026 ³)
328 3958 527 4028 Xorschungen
544 3978 592 4014 zur
611 3959 765 4015 deutschen
784 3959 950 4016 Gesobichte
970 3959 1033 4014 XXI
1050 3978 1077 4030 p.
1096 3956 1150 4012 225
1170 3974 1235 4025 sqq.

290 4045 310 4110 ⁸]
327 4043 398 4098 Mus.
416 4043 469 4097 Rh.
487 4043 521 4098 N.
540 4043 568 4098 S.
586 4043 705 4098 XXXIII
722 4064 748 4114 p.
766 4045 818 4100 462
835 4064 897 4115 sqq.

279 4131 309 4198 ¹⁰)
326 4129 398 4184 Mus.
418 4129 523 4183 11111.
542 4129 568 4184 S.
587 4129 690 4184 XXXV
707 4149 734 4200 p.
753 4130 803 4186 886
820 4149 882 4200 sqq.

1111 4229 1142 4282 1⁸
