3308 4934
681 341 1004 402 -41-.

310 524 401 592 ΧΧΝ
422 533 452 604 4,
476 533 527 593 30.
570 523 691 590 Narrat
712 524 902 590 Ammianus
925 525 1085 609 quemodo
1108 543 1221 590 manus
1242 524 1351 610 aliqua

226 626 434 706 Parthorum,
470 649 553 712 quae
583 627 752 693 insidiandi
781 648 876 693 eausa
904 628 1083 693 inaccessas
1112 628 1222 695 foveas
1255 646 1351 694 oeen-

223 729 364 815 paverit‚
397 729 592 795 sRomenis
622 721 697 817 igne
728 732 857 797 admoto
888 735 1031 796 extracta
1053 727 1119 796 sit.v
1150 733 1229 795 Uude
1244 734 1352 807 faurus

221 836 379 912 uupustius
391 835 415 918 ¹)
443 841 603 911 peuetraus
642 838 765 912 ideoque
795 838 918 912 spissior
958 837 1099 911 quosdam
1129 834 1270 896 uitalibus
1304 838 1351 896 ob·

222 941 342 1000 struem
366 941 493 1010 ueeumt,
524 940 600 1000 aiios
621 940 737 1016 ipuium
757 941 890 1017 adflatus
919 941 1071 1000 immissus
1088 940 1212 1016 prodire
1233 942 1267 1000 iu
1285 957 1351 1015 per-

224 1044 329 1104 uieiem
350 1045 441 1120 eoepit
462 1045 620 1119 abruptam
641 1061 664 1102 e.
686 1061 713 1117 p.
730 1061 753 1103 s.
797 1040 851 1106 sis
877 1040 977 1127 vulgo
1005 1042 1118 1106 editur.
1164 1040 1225 1107 Sed
1247 1061 1351 1124 neque

227 1143 304 1208 haee
323 1165 428 1229 neque
452 1141 575 1208 Gelenii
598 1143 797 1224 coniectura,
821 1145 877 1230 qui
898 1145 1026 1229 scripsit
1048 1149 1179 1224 adflatus
1199 1149 1352 1210 summus

228 1247 301 1312 mihi
323 1248 499 1331 probatum
533 1247 669 1311 adflatus
701 1247 785 1310 enim
808 1248 893 1333 ignis
915 1247 977 1312 hoo
999 1247 1071 1313 loeo
1093 1270 1198 1333 neque
1219 1247 1352 1312 immitti

225 1371 326 1435 neque
349 1349 523 1416 immisceri
546 1351 676 1415 omnino
699 1349 762 1414 diei
783 1371 878 1435 posse
899 1351 1035 1417 videtur.
1080 1349 1119 1416 In
1140 1351 1232 1416 libris
1254 1371 1351 1415 manu

222 1455 350 1539 scriptis
384 1458 475 1520 extat
509 1454 639 1537 adflatus
674 1457 793 1517 emistus
828 1455 998 1538 omniaque
1033 1454 1114 1519 haee
1139 1454 1214 1532 ¹fore
1249 1455 1352 1519 teneri

195 1561 373 1640 possunt,
406 1557 577 1622 dummodo
611 1557 735 1622 litteras
766 1562 852 1622 reete
884 1557 1072 1642 distinguas.
1117 1557 1236 1622 Procul
1267 1558 1352 1623 enim

224 1660 322 1725 dubio
341 1657 387 1724 sie
410 1660 640 1725 emendandum
659 1664 723 1726 est:
746 1663 821 1722 uties
838 1663 955 1739 ipuium
975 1663 1142 1738 adfiatu
1164 1668 1352 1726 semustas

218 1767 344 1842 prodire
364 1768 400 1828 iu
417 1766 579 1842 peruieiem
601 1767 691 1842 eoepit
713 1767 877 1841 abruptum

313 2021 402 2090 XXW
425 2029 454 2102 6,
472 2027 520 2086 17.
557 2019 714 2084 Enarrata
732 2041 840 2106 pugna
856 2021 915 2084 sub
931 2021 1007 2104 ipsis
1021 2019 1238 2104 Ctesiphontis
1251 2019 1352 2087 muris

223 2124 387 2190 eduliano
409 2123 550 2210 gloriose
572 2123 658 2188 faeta
680 2123 726 2187 ita
747 2122 937 2188 Ammianus
959 2123 1083 2208 pergit:
1113 2125 1239 2186 Abunde
1267 2129 1352 2185 ratus

218 2236 286 2308 post
307 2230 377 2290 iruee
395 2231 607 2306 prosperitates
628 2230 735 2288 similis
757 2229 923 2300 adveutum,
946 2230 1105 2306 complures
1126 2227 1237 2289 hostius
1255 2229 1353 2290 Morti

214 2335 347 2410 parabat
369 2333 469 2406 uitari,
491 2338 517 2391 et
539 2351 574 2394 er
595 2333 692 2393 tauris
710 2333 918 2408 pulcherrimis
941 2332 1033 2394 ierem
1063 2332 1103 2391 ud
1125 2331 1176 2392 hoe
1203 2331 1352 2406 periuriis

219 2437 350 2497 muudum
372 2436 436 2494 uris
458 2436 569 2498 admoti
590 2438 739 2498 uoluptate
770 2453 827 2498 suu
848 2454 947 2496 uorem
970 2437 1150 2510 procubuere
1178 2435 1350 2506 tristissimi,

220 2541 348 2600 desimus
378 2557 444 2599 uero
475 2541 527 2614 qui
558 2539 704 2612 diffractis
736 2539 863 2598 rimulis
891 2541 993 2614 tapsus
1026 2556 1112 2614 uepre
1143 2538 1280 2597 reduetus
1311 2543 1352 2598 est

220 2647 368 2704 mucimus
389 2644 520 2702 omiuosu
537 2643 625 2718 sipuu
642 2644 825 2705 monstrauit.
862 2639 942 2704 Cum
955 2662 1006 2703 res
1020 2639 1117 2724 longe
1129 2638 1223 2703 aliter
1237 2639 1351 2704 evadat

225 2746 319 2828 atque
343 2743 484 2826 speravit
505 2739 658 2822 Iulianus,
680 2765 739 2828 pro
763 2751 789 2804 et
808 2763 843 2806 eu
864 2748 962 2808 tauris
980 2741 1180 2811 scribendum
1200 2765 1269 2808 esse
1292 2752 1351 2806 set
1450 2823 1452 2828 Ι

227 2863 259 2906 eu
279 2849 376 2910 tauris
397 2846 430 2909 in
453 2845 626 2932 propatulo
650 2851 707 2910 est.
731 2883 771 2892 —-

306 2964 393 3031 Idem
424 2965 476 3031 rel
507 2965 610 3032 simile
642 2967 790 3032 mendum
825 2967 1050 3052 corrigendum
1080 2970 1128 3030 est
1160 2965 1254 3032 XXV
1279 2974 1351 3044 2‚8

228 3072 381 3144 quostiam
402 3073 436 3132 iri
452 3073 530 3132 iuter
548 3074 611 3132 eliu
632 3074 726 3134 multu
743 3079 894 3148 sperueute
916 3075 1041 3134 orobuut
1059 3073 1230 3148 haruspices
1250 3074 1353 3134 suttem

226 3173 335 3248 aliquot
355 3176 435 3234 horis
452 3175 662 3250 profectionem
684 3176 810 3252 differri,
832 3183 859 3238 et
886 3196 923 3236 ue
949 3178 1001 3236 ime
1023 3176 1140 3250 quidem
1161 3180 1230 3236 suut
1252 3176 1352 3253 adepti

223 3279 395 3360 imperatore
416 3279 496 3338 omui
518 3262 703 3339 uutieiuuudi
725 3281 1057 3349 seieutiueretuetuute,
1086 3279 1136 3338 seri
1165 3283 1261 3338 erorto
1291 3280 1352 3339 ium

222 3379 270 3441 die
286 3384 423 3456 promota
445 3385 515 3442 suut
536 3386 649 3453 eastre,
680 3379 735 3444 ubi
756 3401 816 3463 pro
844 3387 871 3442 et
892 3401 928 3442 ue
949 3383 1002 3446 mc
1024 3383 1141 3456 quidem
1163 3383 1219 3444 aut
1246 3387 1289 3442 set
1316 3399 1353 3444 m

222 3602 426 3612 ——-—·

312 3740 318 3767 ¹
323 3751 331 3804 p
350 3737 456 3792 Dubito
475 3739 706 3794 Gardthausenus
725 3757 761 3794 an
779 3754 835 3793 non
854 3741 929 3794 reete
947 3739 1069 3794 ediderit
1088 3747 1252 3808 aupustius.
1282 3730 1364 3788 'Corn-

222 3823 370 3892 psrstivus
388 3823 463 3878 enim
483 3826 645 3894 aptissimus
664 3829 713 3892 est,
732 3843 796 3880 oum
813 3823 844 3879 id
857 3825 976 3896 scriptor
985 3825 1079 3883 disere
1091 3824 1229 3885 voluisse
1238 3819 1369 3876 videniur

222 3927 277 3978 quo
311 3909 458 3977 angustius
489 3911 616 3966 foramen
648 3929 680 3966 eo
711 3911 871 3981 spissiorem
902 3911 986 3966 fuisse
1018 3912 1144 3970 fumum.
1195 3903 1275 3978 Quin
1307 3917 1372 3957 vero

223 4004 336 4065 aupuste
354 4002 499 4062 penetrare
517 4000 625 4065 aliquid
651 3998 722 4052 bene
750 3996 806 4051 diei
830 3997 918 4066 possit
944 4015 994 4067 pro
1008 4016 1063 4066 per
1083 4001 1204 4065 aliquus
1225 3991 1372 4060 anyussit'ti

223 4083 331 4150 aliquid
345 4087 501 4148 penetrare,
519 4099 694 4150 quamquem
712 4082 749 4136 ad
768 4085 879 4152 tempus
897 4082 1002 4137 similia
1026 4082 1168 4153 exempla
1187 4095 1248 4140 non
1271 4075 1374 4138 habffl,
1440 4123 1443 4130 -

222 4169 320 4222 tamen
338 4164 433 4219 nullus
452 4163 558 4222 dubito.
