3308 4934
770 329 979 392 ..40-

305 515 436 576 civitates
458 515 546 575 etiarn
567 516 614 575 tie
636 519 720 586 suut,
750 514 939 577 inclutas
955 519 1075 590 praeter
1096 515 1224 586 insutus,
1251 513 1301 572 sed
1322 513 1435 573 Ratira

306 622 333 678 ct
358 617 518 695 dpuaecou
547 619 636 680 iinon
665 619 798 679 notiores
828 619 957 680 residuis
983 618 1185 678 destinantur.
1229 613 1433 682 Adiectivum

306 723 436 782 iacintus
470 719 510 784 ab
534 718 705 784 Ammiano
737 741 803 785 non
826 741 894 796 csse
917 718 1056 784 alienum
1079 717 1201 783 videbis
1224 715 1298 783 coll.
1321 714 1435 782 XVIII

309 831 337 903 6,
363 829 419 900 173
443 820 538 888 XXV
562 831 591 902 3,
615 831 653 900 8;
676 821 787 888 XXXI
811 831 860 903 16,
883 830 913 889 4.

354 1094 356 1097 ,
393 1029 482 1098 xxw
502 1037 597 1108 1‚10.
638 1027 715 1094 ludo
738 1051 756 1094 a
779 1030 797 1113 ἓ
820 1039 838 1098 6
862 1030 1033 1114 exponitur
1055 1028 1211 1114 quomodo
1234 1027 1433 1094 Lucillianus

307 1153 414 1197 comes
428 1154 445 1196 a
459 1130 590 1199 Iuliano
608 1132 802 1217 imperatore
821 1133 859 1198 sd
873 1133 1099 1219 expugsndum
1113 1131 1265 1196 Anathan
1279 1133 1434 1216 oppidum

308 1235 422 1300 missus
459 1234 582 1300 incolas
612 1235 784 1321 conloquio
815 1237 890 1302 dcto
920 1237 959 1301 ad
988 1236 1203 1301 voluntarium
1239 1236 1433 1301 deditionem

309 1337 509 1422 compulerit.
550 1342 632 1402 Inter
662 1343 712 1402 hos
733 1344 817 1403 uites
839 1343 977 1417 quidam,
1009 1360 1074 1402 curn
1096 1341 1303 1404 Maximianus
1326 1360 1435 1418 perru

304 1445 398 1526 pissct
420 1445 567 1518 quondan
589 1447 723 1506 Persicos
748 1447 826 1522 fines
847 1449 881 1506 iu
902 1447 949 1506 nis
977 1447 1047 1506 iocis
1070 1463 1155 1522 ocyor
1175 1447 1304 1516 relictus,
1331 1447 1435 1520 prinu

281 1551 282 1554 ’
307 1547 478 1608 stiantius
500 1548 641 1625 ianupinc
662 1551 785 1620 iunonis,
807 1554 841 1610 ut
863 1551 968 1624 aiebat,
990 1565 1096 1610 uuores
1117 1550 1237 1608 sortitus
1255 1550 1350 1625 pontis
1370 1552 1436 1610 ritu

196 1712 199 1722 ‚
307 1650 483 1725 conplures,
514 1668 579 1712 curn
609 1669 764 1715 numeroso
791 1655 891 1714 subole
921 1657 991 1712 tunc
1019 1669 1105 1712 sensu
1131 1652 1273 1712 incurvus
1301 1653 1436 1714 euuttaus

303 1753 542 1828 proditionisque
563 1760 665 1816 auctor
687 1756 846 1817 duccbmur
868 1757 908 1816 ud
925 1761 1028 1820 nostru
1046 1757 1105 1817 cto.
1144 1751 1174 1816 N
1179 1773 1221 1816 on
1239 1745 1325 1816 recta
1342 1752 1435 1818 miles

308 1853 364 1918 iIIc
381 1856 563 1932 proditionis
584 1856 703 1921 dicitur
734 1861 860 1936 auctor,
892 1879 996 1941 noque
1020 1856 1104 1921 enim
1125 1857 1290 1934 proditione
1310 1856 1364 1919 sed
1385 1859 1433 1918 de-

308 1961 424 2020 ditione
453 1958 530 2023 urbs
561 1957 781 2024 Romanorum
816 1959 903 2024 facts
939 1963 988 2024 cst
1019 1959 1071 2044 (cf.
1105 1959 1165 2043 §8
1194 1961 1363 2020 hortabatur
1392 1961 1433 2020 ad

310 2066 485 2126 deditionem
515 2064 710 2143 defensores),
743 2083 821 2147 quas
852 2085 947 2128 voces
979 2063 1075 2127 etism
1097 2062 1286 2126 Ammianus
1308 2081 1431 2145 semper

309 2166 547 2232 accuratissimo
587 2165 765 2251 distinguit.
823 2165 946 2231 Deinde
986 2166 1018 2230 in
1058 2165 1165 2230 verbis
1199 2168 1432 2247 proditionisque

310 2277 411 2333 unctor
434 2291 506 2334 cum
529 2269 597 2333 eius
620 2269 667 2333 rci
690 2291 785 2333 causa
807 2269 911 2332 inesse
930 2268 1086 2333 censenda
1105 2269 1156 2347 eii,
1171 2269 1257 2352 quod
1271 2268 1436 2333 exultabat

309 2372 417 2451 miles,
454 2370 613 2456 particula
649 2394 712 2456 qua
747 2373 801 2436 hic
832 2371 1064 2436 sententiarum
1097 2393 1199 2436 nexus
1233 2372 1438 2437 adumbretur

309 2483 417 2540 c‘srcrc
448 2495 514 2540 non
545 2497 725 2559 possumus.
778 2473 892 2561 Itaque
921 2497 985 2544 non
1017 2476 1152 2540 absurde
1184 2475 1329 2539 conicere
1360 2474 1439 2538 mihi

311 2578 421 2644 videor
443 2579 646 2643 scribendum
668 2600 736 2643 csse
757 2583 841 2641 nites
863 2581 985 2655 quidam
1007 2627 1014 2639 ,
1037 2626 1044 2640 .
1068 2626 1075 2640 .
1096 2587 1168 2640 tunc
1187 2597 1274 2640 senen
1296 2581 1439 2642 incurvus

310 2681 444 2745 cuultuns
466 2685 697 2744 deditionis
719 2689 760 2744 ut
782 2689 884 2746 audon
906 2684 1066 2746 ducebatur
1079 2685 1127 2744 ud
1148 2688 1258 2746 nostro.
1295 2679 1439 2745 cf.le

312 2793 340 2863 7,
363 2793 383 2852 4
419 2785 614 2848 Constantina
645 2789 780 2848 euuttons
810 2792 844 2846 ut
873 2789 990 2848 intuto
1012 2789 1074 2848 ianr
1096 2789 1191 2847 iocata
1211 2789 1314 2847 mariti
1336 2789 1439 2848 sutute.

399 2992 486 3060 ΧΧΝ
516 2999 545 3070 4,
572 2999 620 3059 16.
662 2999 724 3054 turn
758 2999 877 3069 aptatae
908 2996 1013 3071 iipncis
1043 2997 1159 3071 snpittis
1194 2995 1328 3054 ballistas
1355 2997 1439 3070 flcau

310 3099 491 3173 stridorepuc
519 3099 729 3172 torquebuntur
751 3099 925 3158 creberrima
946 3101 1062 3173 spicata
1080 3100 1284 3174 furutitantcs
1315 3103 1342 3157 ct
1363 3115 1439 3158 scor-

307 3202 412 3276 pioues
443 3219 614 3276 quocunque
643 3219 750 3261 nocuus
767 3203 883 3276 peritae
904 3202 1056 3264 ducissent
1084 3204 1224 3263 rotundos
1246 3199 1360 3277 lapides
1382 3203 1439 3260 coi·

313 3305 446 3365 mutant.
481 3291 666 3386 scorpiones
697 3302 812 3366 ducere
838 3301 935 3388 longo
964 3303 1051 3367 uliud
1081 3307 1129 3368 est
1150 3306 1246 3386 atquc
1270 3302 1355 3384 quod
1376 3301 1439 3365 hoo

271 3465 272 3469 ,
311 3405 384 3470 Ioco
407 3404 512 3470 solum
543 3404 622 3468 ferri
652 3408 769 3490 potest.
809 3405 1049 3470 Emcndsndum
1073 3410 1122 3471 cst
1143 3424 1313 3482 quocunque
1333 3423 1440 3467 nanus

308 3512 425 3586 paritas
446 3511 712 3573 direxissent.
748 3509 788 3574 cf.
812 3531 838 3574 c.
862 3531 910 3597 gr.
934 3509 1013 3574 XXI
1038 3518 1086 3591 16,
1111 3519 1140 3576 7.
1264 3539 1266 3543 ¹

400 3716 490 3784 xxw
511 3724 541 3796 4,
567 3725 615 3786 18.
650 3737 751 3780 ceruus
781 3722 815 3780 in
846 3737 928 3780 cuine
945 3720 1112 3780 'disoriuun
1142 3720 1267 3780 ornatis
1283 3718 1440 3795 propinus

310 3825 449 3898 princeps
480 3824 609 3883 civitatis
640 3825 762 3899 urpebat
791 3823 945 3884 escidium.
997 3820 1065 3885 Aut
1094 3820 1193 3885 fallor
1228 3823 1283 3884 aut
1313 3820 1441 3904 scripsit

308 3921 505 3990 'Ammianus
527 3927 561 3988 in
583 3943 665 3986 omne
686 3926 843 3986 discrimen
871 3928 1081 3990 opinatis.
1118 3924 1158 3989 cf.
1182 3922 1261 3988 XIV
1286 3931 1335 4001 ll,
1360 3932 1377 3991 3
1401 3927 1441 3985 ad

314 4049 403 4091 saecu
417 4031 563 4106 facinora
584 4030 649 4089 ideo
662 4031 852 4100 'auimatum
885 4025 980 4091 XXII
1003 4034 1032 4108 9,
1057 4035 1076 4094 2
1103 4031 1143 4092 ud
1166 4031 1345 4108 cupedicuda
1367 4031 1440 4090 inci-

313 4135 415 4195 dcutiu
431 4135 600 4210 proupuus
623 4133 773 4194 auiuentis.
