3308 4934
757 344 946 403 ...8-

290 525 323 588 in
354 523 605 611 Tegernseeeusi
636 523 819 588 exciderant
852 524 899 590 ita
933 524 1086 590 extabant
1118 525 1202 609 apud
1236 523 1413 602 Gelenium,

291 627 331 692 ab
355 625 417 692 hoc
439 627 509 712 ipso
532 627 572 692 ad
594 625 804 712 supplendam
822 627 1014 693 senteutiam
1037 627 1219 713 excogitata
1236 649 1304 692 esse
1325 631 1414 693 ratus

290 730 323 823 in
346 730 484 796 editione
511 751 568 794 sua
599 731 716 795 omisit.
761 728 823 796 Sed
854 731 973 797 erravit
1002 734 1191 816 praeceptor
1219 753 1310 798 meus
1337 733 1413 798 doc·

289 834 441 900 tissimus.
492 832 609 906 Postea
639 833 725 898 cuim
756 856 852 920 quam
884 836 983 901 codex
1013 834 1180 900 Mettensis
1210 834 1337 901 saeculo
1366 834 1413 900 XI

291 937 429 1023 scriptus
457 936 614 1017 innotuit,
645 936 679 1001 iu
709 959 748 1003 eo
780 939 890 1004 eadem
919 938 976 1003 illa
1006 960 1088 1024 quae
1115 936 1265 1004 Gelenius
1295 938 1414 1004 eddidit
1457 932 1458 937 ’

290 1041 389 1108 verba
406 1042 509 1106 inesse
528 1041 686 1125 apparuit.
727 1039 840 1127 Itaque
863 1043 960 1107 etiam
978 1041 1213 1108 Hersfeldensis
1232 1063 1278 1120 ea,
1296 1041 1413 1126 quibus

291 1143 442 1211 Gelenius
455 1143 577 1209 laceras
590 1143 754 1236 Ammiani
767 1145 941 1210 sententias
956 1144 1127 1230 supplevit,
1140 1165 1250 1210 revera
1263 1140 1413 1209 habuisse

289 1248 414 1314 videtur
453 1268 574 1332 suoque
610 1247 679 1313 iure
719 1247 875 1314 Nissenus
910 1248 1089 1334 flagitasse,
1129 1251 1165 1312 ut
1199 1247 1414 1313 additamenta

288 1349 345 1416 iila
374 1349 544 1416 verbomm
571 1351 735 1416 contextui
765 1351 971 1418 redderentur
997 1373 1078 1437 neve
1100 1351 1163 1416 iam
1191 1351 1278 1436 typis
1300 1350 1412 1416 distin·

292 1457 475 1541 guerentur.

378 1554 468 1620 Haec
485 1554 649 1641 praefatus
667 1573 730 1620 uon
748 1559 815 1620 tam
833 1559 869 1622 ut
886 1557 924 1621 de
947 1556 993 1623 eis
1010 1555 1101 1622 libris
1119 1579 1200 1642 quos
1217 1578 1412 1622 commemo·

288 1661 357 1726 ravi
385 1658 538 1724 iudicium
567 1659 684 1725 ferrem
714 1661 771 1724 aut
800 1659 876 1725 novi
904 1658 1026 1745 aliquid
1056 1681 1284 1744 proponerem,
1316 1683 1412 1745 quam

288 1767 325 1829 ut
357 1749 566 1848 quaecunque
598 1767 672 1848 post
704 1762 875 1828 editionem
906 1761 1139 1829 Gardthauseni
1171 1764 1209 1829 de
1238 1763 1410 1830 Ammiano

175 1893 177 1902 ¹
290 1866 409 1951 scripta
427 1870 533 1932 essent
554 1867 588 1931 in
609 1887 674 1930 uno
696 1870 870 1950 conspectu
885 1887 1111 1950 componerem
1133 1865 1292 1950 simulque
1311 1889 1414 1952 pauca

290 1969 438 2034 adderem
459 1969 499 2034 do
521 1969 631 2034 critica
652 1967 786 2046 ratione,
810 1966 938 2052 qualem
959 1967 1029 2051 ipse
1051 1967 1085 2032 in
1114 1969 1309 2034 emendando
1332 1968 1412 2034 Am·

289 2073 397 2137 miano
420 2071 631 2138 adhibendam
654 2091 721 2135 esse
751 2090 922 2150 censerem,
951 2070 1016 2134 iam
1038 2071 1072 2134 in
1094 2071 1238 2158 singulos
1260 2073 1414 2158 quosdam

292 2173 472 2242 Marcellini
488 2173 578 2241 locos
596 2173 776 2240 accuratius
794 2174 954 2258 inquiram
976 2174 1010 2238 in
1028 2174 1211 2240 universum
1230 2197 1268 2242 eo
1285 2180 1412 2244 servato

291 2279 410 2358 ordine,
434 2300 498 2364 quo
520 2279 604 2363 apud
626 2279 732 2363 ipsum
754 2277 943 2363 scriptorem
966 2282 1040 2342 exta
1062 2281 1085 2342 t.

359 3107 433 3176 :xlv
455 3116 485 3186 4,
510 3116 537 3175 1.
574 3106 770 3172 ¹Ammianus
788 3107 826 3171 de
844 3103 1075 3174 Saracenorum
1097 3107 1130 3170 in
1147 3106 1232 3172 finos*
1246 3105 1409 3172 &manos

286 3206 519 3278 incursionibus
548 3211 644 3276 verba
675 3209 753 3275 facit
783 3231 901 3294 eosque
929 3231 1029 3293 parvo
1060 3209 1215 3295 temporis
1246 3212 1408 3274 momento

287 3314 440 3399 quidquid
457 3314 593 3380 inveniri
611 3314 752 3399 potuerit
770 3314 933 3378 devastare
956 3312 1033 3377 dicit
1054 3314 1220 3379 mileormn
1241 3313 1410 3396 rapacium

150 3409 153 3416 '
286 3417 420 3498 similm,
452 3420 508 3500 qui
535 3419 565 3483 se?
588 3419 743 3501 praedam
774 3417 972 3500 dispexerint
1001 3415 1115 3482 celsius
1144 3415 1250 3482 uoluta
1276 3417 1410 3498 rapiunt

285 3517 378 3583 celeri
397 3524 455 3586 cut
482 3522 519 3584 st
537 3520 777 3602 numeraverint
806 3539 870 3584 aaa
897 3520 1111 3584 immorantur.
1155 3517 1304 3598 Valesius
1335 3539 1408 3582 eum

286 3619 490 3708 intellegeret
511 3626 673 3707 postrema
694 3622 792 3686 verba
813 3627 850 3686 nt
872 3625 982 3686 extant
1003 3622 1036 3686 in
1061 3621 1104 3687 V⁰
1124 3644 1158 3686 se
1180 3626 1267 3686 reete
1288 3620 1407 3686 habere

285 3745 350 3792 non
379 3747 489 3812 posse,
522 3725 721 3791 scribendum
753 3747 821 3791 esse
852 3725 1018 3791 iudicavit:
1050 3731 1107 3791 eat
1137 3726 1288 3803 <m>si
1309 3725 1407 3808 impe·

285 3831 447 3896 treveriren.
502 3828 628 3916 Neque
651 3851 727 3895 vero
761 3829 794 3894 id
825 3833 912 3894 recte
946 3829 1101 3894 iudicasse
1133 3828 1294 3893 homiuem
1330 3828 1406 3892 doc·
1461 3863 1462 3866 ¹

283 3930 443 3997 tissimum
478 3935 661 4018 optimeque
697 3934 734 3999 de
770 3933 941 3998 Ammiano
977 3933 1126 3998 meritum
1162 3931 1242 3997 mihi
1277 3930 1405 4016 quidem

281 4036 559 4118 persuasissimum
603 4041 659 4101 est.
732 4023 818 4101 Nam
860 4035 1000 4121 primum
1039 4035 1167 4120 quidem
1210 4035 1238 4100 si
1281 4032 1404 4098 Valesii

282 4138 497 4214 coniecturam
520 4139 692 4224 probamus
709 4142 871 4224 postrema
889 4139 1135 4227 comparationis
1153 4139 1251 4214 verba
1272 4137 1401 4205 omnino
