3308 4934
662 325 872 386 ..37-

96 489 100 498 .
198 512 348 592 'Epora'rorv
371 509 545 570 ἐλαύνονται
569 505 700 588 φυγάδες
722 505 812 590 (ibid.
837 513 895 574 941
920 509 992 591 sq.).
1034 505 1075 570 cf.
1099 507 1163 571 Cic.
1188 507 1225 571 de
1248 507 1335 593 legg.

203 612 337 678 114111
370 631 416 674 eos
445 613 559 688 opiteut
583 611 819 684 insectenturque
840 611 960 684 suriae·
995 629 1055 692 pro
1080 609 1174 675 Rosa
1197 610 1270 676 Am.
1295 617 1336 677 24
1420 663 1423 672 .

204 723 235 778 ut
255 735 302 778 eos
327 717 437 792 apitent
459 715 575 776 Furiae
596 731 689 787 11111
711 714 869 775 consistere
889 731 1021 788 uuquam
1039 717 1216 789 potamum
1236 711 1336 778 Liui

203 828 253 896 48,
286 825 304 882 1
338 817 517 880 Sceleratum
544 819 645 878 111111
674 819 778 876 oomni
809 833 865 889 ouo
901 833 1000 878 unua
1031 819 1213 894 natantibus
1237 819 1337 894 furiis

203 923 318 986 sororis
340 939 374 981 ue
394 922 454 980 oiri
480 918 593 982 Tullio*
601 936 658 994 per
675 919 774 992 putris
796 935 901 993 corpus
922 924 1093 994 carperem
1111 922 1203 998 spisse
1216 923 1335 997 fertem·

205 1023 306 1106 Verg.
328 1021 408 1086 Aen.
428 1018 478 1084 111
503 1028 560 1088 331
586 1023 726 1082 sutorum
739 1023 838 1096 furiis
856 1023 987 1098 epitatus
1004 1023 1118 1086 Orestes
1136 1022 1221 1106 (vide
1237 1023 1335 1088 etiam

206 1125 256 1190 IV
277 1126 364 1209 471);
397 1123 490 1189 Ovid.
514 1127 642 1188 metam.
666 1121 714 1187 VI
737 1130 797 1190 595
820 1145 867 1206 sq.
892 1126 1047 1201 furiisque
1077 1129 1191 1206 unitata
1225 1129 1337 1191 doloris

208 1232 334 1300 Bocota·
382 1226 431 1292 IX
470 1235 532 1294 410
570 1230 700 1290 matters
738 1229 935 1290 Eumenidum
973 1235 1135 1306 enutritque
1174 1233 1336 1308 apitubitur

206 1337 330 1403 matra·
368 1330 491 1395 heroid.
523 1328 570 1394 IV
598 1336 638 1395 47
671 1331 783 1392 Bocchi
804 1333 904 1408 furiis
924 1333 1073 1394 Eleleides
1103 1338 1201 1404 cotom
1237 1331 1334 1417 Apul.

204 1435 280 1500 Met.
302 1433 389 1500 Vm
415 1457 447 1528 p.
463 1442 504 1501 90
527 1434 572 1498 ed.
598 1431 754 1516 Eyssenh.
777 1440 810 1494 at
829 1436 942 1512 Paucbe
963 1438 1069 1499 relicta
1089 1439 1154 1498 soto
1174 1438 1236 1498 uisi
1258 1439 1336 1513 qood

203 1541 321 1616 infestis
338 1539 439 1614 furiis
460 1539 574 1616 unitata
595 1540 659 1598 sota
680 1555 740 1598 nou
761 1543 811 1600 est.
824 1538 846 1620 ¹)
888 1606 893 1620 .

295 1743 370 1812 ΧΧΙΙ
397 1750 444 1822 16,
472 1751 520 1808 14.
559 1729 726 1806 Praedicat
749 1743 938 1806 Ammianus
962 1741 1189 1806 amoenitatem
1212 1742 1335 1827 Canopi

208 1847 428 1934 insignemque
453 1867 527 1910 eum
551 1867 617 1908 esse
641 1845 687 1910 ait
709 1845 795 1910 auaris
818 1843 991 1910 salubriter
1018 1844 1214 1928 spirantibus
1236 1849 1334 1908 itaut

205 1959 287 2014 entra
317 1953 463 2012 uuuauu
492 1955 622 2038 uostruu
650 1952 763 2010 morari
793 1969 823 2009 se
854 1951 1011 2026 quisquam
1037 1949 1196 2010 arbitretur
1218 1949 1251 2009 in
1272 1951 1335 2010 iiiia
1414 2013 1416 2017 ,

201 2058 344 2117 tractibus
367 2071 468 2130 aucus,
483 2071 547 2113 cum
567 2071 651 2130 saepe
673 2055 774 2128 aprino
795 2055 906 2128 spiritu
923 2056 1182 2114 iniuuruuroutes
1203 2053 1334 2114 audierit

205 2163 312 2218 centos.
356 2153 557 2218 Vocabulum
590 2155 675 2239 quod
703 2158 750 2218 est
780 2173 881 2232 saepe,
912 2153 1101 2238 praesertim
1128 2155 1219 2218 iuxta
1240 2152 1333 2218 valde

145 2331 147 2335 ¹
208 2257 288 2321 illud
309 2257 467 2341 poeticum
490 2263 591 2334 aprico
613 2260 724 2333 spiritu
745 2261 1004 2319 immurmurantes
1025 2263 1140 2332 uentos,
1165 2256 1244 2322 mihi
1265 2261 1333 2322 tam

211 2359 334 2424 videtur
356 2359 540 2446 languidum
565 2364 661 2444 atque
683 2359 855 2425 molestum
878 2381 958 2438 esse,
977 2363 1013 2424 ut
1032 2360 1110 2425 ferri
1131 2381 1197 2424 non
1219 2360 1331 2444 possit.

209 2463 405 2548 Quamquam
436 2464 514 2549 quid
545 2463 709 2547 scripserit
742 2462 931 2529 Ammianus
964 2485 1023 2548 pro
1060 2466 1147 2528 certo
1180 2461 1244 2528 dici
1278 2463 1332 2527 vix

205 2571 320 2650 potest.
382 2567 534 2651 Meyerus
575 2563 734 2650 Spirensis
778 2567 928 2650 probavit
966 2567 1052 2650 quod
1093 2564 1169 2630 olim
1210 2565 1332 2633 conieci

204 2691 353 2748 seraper
376 2675 489 2748 aprico.
530 2669 640 2734 Possis
662 2674 770 2734 tamen
793 2671 891 2736 etiam
912 2671 950 2734 de
973 2669 1045 2734 aliis
1068 2665 1212 2753 cogitare
1234 2688 1331 2733 voea-

207 2774 287 2838 bulis
308 2775 397 2840 velut
415 2794 548 2852 paene
569 2773 636 2836 sive
658 2791 779 2835 suane
801 2775 860 2858 (sic
883 2770 1175 2856 Wilamowitzius).

289 2981 378 3049 ΧΧΙΙΙ
413 2991 441 3059 5,
468 2978 532 3062 3.²)
576 2985 712 3058 Nouoque
745 3001 810 3042 cuno
844 2983 1020 3044 Antiochiae
1054 2985 1087 3042 iu
1120 2983 1179 3042 utto
1214 2982 1330 3044 silentio

205 3088 343 3146 scaenicis
387 3087 467 3146 tuuis
503 3087 610 3145 1111113
629 3135 633 3142 .
649 3104 713 3146 ouui
750 3103 843 3147 unone
877 3086 1017 3146 inmissus
1048 3105 1062 3145 e
1091 3085 1185 3146 medio
1215 3089 1332 3160 sarapta

291 3277 309 3342 ¹)
336 3275 425 3328 Paulo
453 3273 578 3329 faciliore
607 3275 716 3330 medela
741 3273 832 3328 locum
860 3275 955 3330 sanari
979 3292 1059 3344 posse
1086 3276 1171 3343 putat
1201 3273 1330 3343 Meyerus

203 3362 341 3432 Spirensis
365 3379 416 3431 pro
442 3368 605 3429 raptaretur
627 3361 749 3417 scribens
774 3369 948 3430 captaretur,
976 3377 1063 3428 quam
1090 3359 1282 3430 conjecturam
1306 3358 1331 3414 si

204 3448 266 3517 quis
285 3464 366 3504 meae
385 3444 561 3516 praetulerit,
579 3463 637 3502 non
654 3444 825 3515 refragabor.

290 3534 310 3596 ²)
328 3531 422 3586 XXIII
435 3533 502 3596 4,11
521 3532 570 3586 ubi
589 3533 737 3602 exponitur
754 3532 894 3600 quomodo
910 3531 1044 3586 machina
1058 3533 1229 3598 aedificetur,
1244 3550 1330 3603 quam

204 3619 304 3674 Graeci
327 3616 517 3674 nominabant
538 3617 673 3684 11111111,
700 3617 931 3674 Gardthausenus
949 3619 1059 3673 secutus
1078 3619 1330 3689 Eyssenhardtium

203 3706 242 3760 sic
267 3704 372 3761 edidit:
400 3707 504 3758 teuudo
532 3710 734 3775 conpopr'notur
751 3705 873 3758 inmunis
890 3705 989 3758 ouibus
1007 3708 1146 3775 roborata,
1165 3709 1332 3776 ioreousirne'a

201 3795 356 3861 ferreisque
374 3792 458 3843 cloria
475 3800 570 3860 optorto
588 3800 612 3846 et
630 3795 781 3860 contenitur
798 3789 883 3868 coriis
901 3789 1008 3846 bubulis
1022 3794 1075 3847 ete.
1103 3790 1158 3848 Sed
1171 3791 1331 3848 revocanda

205 3880 247 3932 est
260 3874 399 3946 Wagneri
415 3873 605 3947 interpunctio
623 3894 734 3932 comma
752 3893 808 3932 nou
826 3875 890 3944 post
908 3879 1038 3935 roborata
1056 3878 1105 3934 sed
1124 3882 1188 3950 post
1206 3881 1331 3948 11191111-

204 3966 256 4016 mie
272 3960 419 4032 ponentis;
446 3964 613 4031 loupiasimis
631 3980 693 4016 cum
713 3964 826 4021 ouibus.
845 3975 902 4014 non
920 3961 981 4018 cum
1001 3969 1085 4022 clauis
1102 3963 1328 4036 coniungendam

205 4067 263 4103 esse
285 4045 351 4102 inde
372 4055 488 4115 'quoque
506 4049 599 4117 patet,
626 4049 700 4116 quod
719 4047 926 4102 desideraretur
943 4050 1085 4121 particula
1104 4051 1159 4108 duo
1177 4049 1330 4122 participia

204 4136 334 4188 roborato
352 4136 381 4187 et
399 4139 492 4200 aptota
511 4133 689 4202 coniungens.
