3308 4934
794 403 981 463 ..6.-

327 580 471 650 XXVIII
495 592 524 665 4,
549 592 588 654 26
605 587 637 650 et
650 588 807 650 tentatura
830 636 837 649 .
863 634 869 648 .
894 581 1053 650 .anoillas
1068 604 1143 667 eap-

606 691 755 754 tenatura
769 687 881 773 pallidi
896 685 1027 772 aspirati
1041 684 1143 771 pridie

606 796 796 877 consumpto
821 791 971 856 defuneto
995 845 1001 860 .
1026 840 1033 854 .
1058 839 1065 853 .
1088 809 1143 852 um

605 917 759 982 romaque
782 899 819 959 ut
840 894 960 960 millius
981 893 1027 958 ait

326 994 470 1064 XXVIII
492 1007 521 1078 4,
546 997 808 1069 ,innominabilis
826 997 937 1085 aequis
954 1017 1068 1082 parum
1088 1016 1142 1060 eo·
1291 1013 1354 1057 om.

604 1101 700 1167 heroe
724 1153 730 1167 .
756 1123 853 1167 ..er

269 1206 271 1210 ’
326 1202 471 1270 XXVIII
494 1211 524 1285 4,
548 1213 586 1274 31
605 1208 637 1270 et
658 1205 714 1271 ubi
737 1203 961 1292 neglegentiae
984 1205 1074 1267 tanta
1097 1205 1145 1266 est
1291 1223 1353 1265 om.

605 1330 706 1375 canes

326 1410 471 1477 XXVIII
495 1419 523 1493 5,
549 1421 564 1479 1
603 1413 679 1478 dum
701 1412 851 1477 diuturno
1247 1407 1397 1472 diuturno

326 1512 470 1580 XXVIII
493 1523 564 1595 6,3
602 1515 736 1580 utinouo
1292 1532 1354 1575 om.

326 1616 470 1684 XXVIII
493 1626 566 1698 6,4
604 1617 789 1684 seritetibus
913 1622 914 1627 ’
1292 1635 1353 1678 om.

326 1721 420 1787 XXX
443 1729 513 1810 3,3
604 1724 730 1787 eratum
769 1742 842 1786 eum
878 1719 1077 1805 pertinerent
1112 1723 1144 1785 et
1228 1738 1300 1781 eum
1322 1717 1424 1803 perti·

606 1827 773 1889 exoratum
1195 1823 1308 1886 nerent
1337 1843 1450 1894 exora-

1286 1927 1365 1992 tum.

411 2029 543 2109 Deinde,
566 2031 598 2096 id
616 2030 702 2117 quod
719 2050 879 2095 summum
897 2032 955 2109 est,
979 2051 1173 2114 quamquam
1193 2026 1452 2094 Hersfeldensem

326 2132 468 2216 optimae
486 2131 604 2197 librum
619 2137 716 2197 notae
736 2154 805 2197 esse
822 2134 1037 2216 perspexerat,
1062 2136 1170 2197 tamen
1188 2133 1313 2198 tanturn
1332 2131 1452 2212 aberat,

326 2239 363 2300 ut
384 2236 417 2300 in
446 2235 508 2301 hoe
536 2235 605 2302 sole
636 2234 843 2301 fundamento
872 2234 1043 2299 editionem
1075 2256 1165 2300 suam
1196 2237 1384 2314 exstrueret,
1417 2247 1454 2300 ut

326 2339 472 2424 inprimis
485 2337 714 2404 vetustioribus
729 2335 922 2404 editionibus
936 2357 1012 2402 usus
1022 2337 1045 2420 ¹)
1060 2335 1319 2403 Hersfeldensem
1332 2337 1453 2423 passim

326 2447 452 2507 tantum
474 2442 649 2507 adhiberet.
693 2439 807 2526 Itaque
830 2440 951 2524 fantum
974 2445 1038 2519 est,
1068 2445 1190 2506 utnon
1217 2438 1322 2506 solum
1343 2439 1451 2520 verbe,

326 2567 408 2631 quae
438 2546 592 2611 extabant
620 2545 655 2610 in
684 2543 921 2623 Hersfeldensi,
956 2543 992 2608 in
1021 2542 1087 2608 illis
1120 2547 1228 2610 autern
1260 2541 1452 2608 edItionibns

326 2657 401 2715 casn
423 2643 561 2734 quodam
583 2648 702 2714 omissa
724 2655 831 2727 erant,
854 2647 922 2732 ipse
945 2649 1073 2732 quoque
1098 2645 1270 2726 emitteret,
1293 2648 1331 2711 ut
1353 2668 1379 2712 e.
1403 2666 1451 2732 gr.
1500 2728 1502 2731 ι

410 2748 523 2817 ΧΧΙΠ
546 2761 574 2832 6,
598 2759 637 2819 41
663 2755 696 2816 et

410 2853 523 2921 XXIII
546 2864 574 2933 6,
597 2863 637 2924 43
661 2854 793 2933 Moesia,

325 2961 380 3025 sed
403 2960 516 3039 etiem,
540 2959 629 3024 euius
652 2958 699 3024 rei
721 2957 869 3042 exempla
891 2957 1006 3021 afferre
1029 2955 1236 3040 supersedeo,
1267 2957 1452 3040 saepissime

325 3061 562 3128 Hersfeldensis
584 3060 731 3127 lectionis
754 3080 884 3145 prorsus
914 3057 1003 3140 nulla
1024 3057 1150 3123 ratione
1171 3058 1284 3123 habite
1304 3059 1340 3123 in
1363 3081 1452 3124 oom-

192 3155 193 3162 ,
325 3167 443 3234 mentis
460 3166 537 3232 lieet
554 3165 735 3232 falsissimis
754 3164 974 3249 adquiesceret
991 3161 1080 3228 Petri
1098 3160 1237 3241 castelli,
1258 3184 1322 3247 qno
1340 3183 1452 3227 vereor

325 3275 361 3337 ut
389 3270 560 3357 quisquam
590 3269 663 3354 plus
693 3268 866 3334 Ammiano
897 3265 1051 3335 nocuerit.
1097 3264 1235 3332 Omnino
1267 3264 1451 3330 interfuisse

325 3375 393 3440 eius
403 3375 546 3439 videmus
561 3376 701 3439 nontam
715 3375 750 3437 ut
763 3371 937 3458 genuinam
947 3369 1111 3436 Ammiani
1123 3391 1253 3434 manum
1267 3369 1452 3436 restitueret

325 3500 422 3563 quem
441 3480 480 3556 nt
503 3476 674 3543 lectionem
697 3475 873 3554 exhiberet,
897 3495 979 3559 quae
1002 3474 1030 3538 si
1052 3495 1128 3538 vera
1149 3493 1214 3537 non
1238 3475 1316 3552 erat,
1344 3476 1452 3537 tamen

325 3582 365 3646 ab
385 3581 441 3661 eis,
465 3581 521 3666 qui
539 3579 718 3645 accuratius
742 3601 812 3644 eam
830 3599 895 3646 nen
913 3577 1140 3655 examinarent,
1164 3574 1301 3639 fortasse
1319 3573 1452 3640 tolerari

325 3706 463 3770 veraque
480 3683 591 3749 haberi
608 3687 727 3768 posset.
773 3681 940 3747 Postremo
958 3702 997 3744 ne
1020 3680 1052 3744 id
1071 3679 1199 3764 quidem
1216 3677 1451 3764 neglegendum

326 3793 374 3854 est
396 3787 514 3853 multas
538 3809 647 3852 earum
676 3786 859 3864 lectionum,
890 3771 969 3868 quas
992 3781 1173 3848 Geleniana¹
1194 3780 1291 3846 editio
1313 3780 1412 3846 habet
1432 3805 1451 3847 a

325 3891 364 3957 V¹
383 3891 541 3975 scriptura
563 3889 795 3974 discrepantes,
829 3909 894 3952 non
915 3886 1013 3951 fuisse
1036 3886 1070 3950 in
1091 3883 1312 3949 Hersfeldensi
1334 3884 1388 3949 sed
1410 3885 1450 3948 ab

324 3995 394 4080 ipso
417 3992 549 4058 Gelenio
580 3992 778 4078 excogitatas
801 4012 879 4056 esse.
925 3989 1012 4066 Quae
1041 4009 1235 4074 quamquam
1264 4008 1382 4073 magna
1411 4009 1450 4052 ex

324 4149 528 4162 -ι-ιι-ο--ιιιι

414 4219 431 4280 “)
450 4216 483 4272 of.
502 4207 665 4278 Mommsen.
702 4215 795 4278 Herm.
815 4215 853 4270 VI
875 4233 901 4293 p.
919 4213 970 4268 236
988 4231 1028 4288 sq.
1054 4219 1083 4268 et
1100 4211 1208 4272 Nissen.
1233 4211 1252 4271 1.
1272 4228 1294 4266 o.
1312 4228 1339 4278 p.
1357 4210 1390 4266 25
1409 4228 1450 4280 sq.
