3308 4934
802 365 1013 427 ..23-.

342 547 459 607 nerent.
505 544 595 620 Quod
628 548 655 611 si
683 569 794 612 verum
825 552 886 628 est,
923 549 1056 631 apparet
1085 567 1148 610 non
1179 565 1269 611 caras
1298 548 1352 612 sed
1378 551 1467 612 irus

341 643 469 709 militum
510 649 710 714 scribendum
756 673 823 716 esse
865 649 1034 736 (pluralem
1075 651 1155 725 trae,
1188 649 1392 716 notissimum
1427 673 1467 716 ex

342 750 459 832 poetis,
498 753 582 835 apud
612 753 817 818 Ammianum
855 753 938 840 legis
969 750 1063 816 XXV
1087 757 1122 830 2,
1156 760 1191 829 ὃς
1232 750 1344 819 XXV]
1366 763 1395 834 9,
1428 765 1466 834 3;

343 849 436 917 XXX
460 860 488 932 5,
515 862 553 923 10
576 859 609 920 et
630 856 779 940 saepius).

427 1055 490 1126 ΧΙΧ
514 1067 542 1137 8,
568 1065 595 1124 2.
641 1058 778 1125 Romani
801 1061 856 1124 ubi
879 1059 993 1124 Persas
1016 1059 1165 1124 Amidam
1192 1058 1374 1126 obsidentes
1396 1085 1466 1128 ma·

343 1159 445 1223 ohinis
477 1161 612 1240 exustis,
645 1161 726 1226 unde
757 1162 823 1227 tela
846 1163 1028 1227 conicerent
1059 1160 1160 1226 celsos
1183 1183 1319 1247 aggeres
1342 1165 1466 1251 erigere

342 1261 499 1341 viderunt,
529 1263 591 1347 ipsi
622 1264 812 1329 intrinsecus
842 1287 942 1349 prope
972 1265 1011 1328 ad
1033 1264 1159 1329 moenia
1181 1285 1290 1348 parem
1313 1269 1467 1333 extruunt

272 1443 273 1446 Ἴ
343 1363 461 1428 molem
493 1365 628 1451 indeque
660 1367 794 1431 missilia
824 1365 1013 1432 iaculantur.
1059 1364 1121 1432 Sed
1149 1367 1256 1432 neseio
1285 1389 1348 1452 qua
1371 1391 1466 1435 oausa

345 1476 511 1549 quassatus
534 1489 635 1556 agger
657 1467 712 1534 ille
734 1469 950 1535 Romanorum
976 1470 1123 1548 concidit,
1157 1489 1221 1554 quo
1243 1469 1279 1534 fit
1302 1475 1338 1536 ut
1359 1475 1464 1537 toturn
1492 1527 1495 1534 .

344 1569 483 1652 spatium
507 1573 591 1655 quod
614 1573 697 1638 inter
719 1572 846 1638 moenia
869 1577 901 1638 et
916 1569 1084 1638 Persarum
1106 1571 1209 1639 moles
1226 1574 1361 1640 interest
1373 1578 1465 1660 quasi

344 1677 442 1756 ponte
473 1679 671 1758 superstrato
705 1675 934 1760 complanetur.
987 1679 1082 1741 Moles
1110 1678 1166 1739 tun
1193 1683 1363 1740 nostrorum
1389 1682 1465 1742 vetut

343 1782 441 1839 terrae
462 1780 589 1854 quodum
609 1785 730 1841 tranare
752 1787 894 1858 quassata
911 1782 1069 1858 procubuit
1090 1785 1117 1842 et
1137 1786 1289 1856 tamquam
1309 1785 1465 1847 itinerario

345 1897 450 1958 appare
479 1883 523 1943 aet
550 1885 730 1960 superposito
755 1889 845 1960 ponte
874 1887 1089 1960 minuatam
1115 1885 1257 1959 spatium,
1289 1885 1367 1956 qaod
1387 1886 1464 1945 inter

344 1999 495 2046 antrorum
516 1992 734 2064 maestamque
747 1989 917 2064 forinsecos
937 1993 1047 2049 struem
1061 1987 1169 2059 hiabat,
1178 1984 1321 2062 praefecit
1334 1983 1462 2046 mestus

344 2089 503 2149 transitum
523 2091 616 2150 nattis
637 2091 764 2152 otiatus
785 2091 965 2167 impeditum.
1005 2087 1066 2151 Pro
1085 2089 1236 2166 praefecit,
1255 2084 1338 2170 quod
1359 2081 1459 2168 expli·

346 2188 412 2252 uari
433 2188 524 2254 nullo
547 2191 641 2255 modo
664 2195 781 2275 potest,
801 2189 952 2256 Gelenius
974 2190 1072 2255 edidit
1088 2190 1239 2268 patefecit,
1261 2209 1323 2273 que
1341 2187 1460 2252 oonieo·

346 2295 516 2356 turanum
539 2315 650 2358 verum
673 2295 840 2359 adsecutus
862 2295 904 2358 sit
925 2293 1046 2358 dubito.
1091 2290 1169 2368 Quia
1192 2291 1277 2356 enim
1308 2293 1356 2356 est
1377 2293 1464 2354 tran·

348 2394 427 2460 situs
449 2395 527 2470 ille?
561 2395 736 2481 Nem'peis
760 2398 815 2482 qui
837 2401 967 2482 paratus
990 2400 1037 2460 est
1059 2419 1078 2460 a
1100 2394 1271 2460 Persarum
1294 2413 1412 2480 aggere
1435 2392 1468 2456 in

347 2500 474 2564 moenia
495 2499 714 2566 Romanorum
736 2501 931 2566 interhiante
963 2499 1079 2564 lacuna
1101 2499 1164 2564 iam
1186 2497 1282 2562 molis
1304 2497 1467 2562 Romanae

347 2594 448 2667 ruinis
480 2601 617 2688 expleta.
661 2601 775 2688 Itaque
806 2625 871 2668 non
900 2603 993 2668 video
1025 2601 1185 2688 quomodo
1215 2598 1298 2665 mole
1320 2598 1379 2664 illa
1400 2598 1467 2664 ool-

348 2705 438 2790 lapsa
460 2707 614 2772 transitus
646 2708 731 2792 (ie.
759 2690 983 2794 ,llbergang“,
1013 2729 1077 2782 non
1103 2703 1351 2790 ,Durchgang“)
1378 2706 1469 2788 pate·

348 2809 452 2874 factus
484 2831 552 2875 esse
581 2809 642 2875 diei
671 2810 782 2895 possit.
827 2807 966 2873 Tantum
996 2809 1081 2873 enim
1098 2803 1202 2873 'abest
1232 2809 1268 2870 ut
1296 2805 1389 2869 ruina
1413 2803 1471 2869 illa

350 2913 522 2997 quidquam
545 2914 708 2998 aperiatur
728 2913 838 2996 itaque
860 2912 1035 2991 auferatur,
1059 2917 1095 2976 ut
1116 2910 1202 2997 quod
1226 2912 1299 2974 ante
1322 2911 1391 2974 erat
1415 2930 1470 2973 va·

270 3043 273 3050 ’
350 3036 444 3080 ouum
467 3016 643 3100 expleatur.
678 3016 791 3102 Apage
815 3037 892 3101 ergo
910 3013 989 3080 illud
1006 3018 1148 3094 patefecit
1165 3035 1267 3099 exque
1287 3012 1472 3078 coniectura

350 3121 406 3183 aut
419 3117 542 3203 Meyen'
558 3118 717 3203 Spirensis
735 3122 916 3196 perfecit
937 3122 993 3184 aut
1016 3139 1087 3182 mea
1104 3119 1304 3196 praebuit
1325 3135 1472 3200 reponas.

435 3326 486 3392 ΧΧ
508 3334 539 3404 4,
563 3333 591 3394 6.
637 3324 843 3390 Constantius
875 3345 947 3390 oum
969 3323 1091 3390 Juliani
1121 3323 1244 3409 gloriae
1267 3321 1422 3385 invideret
1445 3321 1474 3385 ei

351 3447 501 3514 magnam
524 3433 649 3513 partem
671 3427 810 3493 militum
833 3427 1000 3493 subtraxit.
1037 3426 1107 3504 Quo
1130 3426 1216 3490 facto
1235 3421 1383 3488 Julianus
1399 3421 1475 3509 quid

352 3530 458 3594 facere
494 3531 624 3596 deberet
659 3531 826 3617 ambigens
866 3530 1066 3596 Florentium
1106 3527 1294 3613 magistrum
1331 3526 1476 3611 equitum

352 3633 506 3698 frumenti
532 3635 738 3719 comparandi
768 3635 892 3719 specie,
923 3655 1035 3697 revera
1066 3634 1173 3696 autem
1201 3634 1239 3694 ut
1266 3628 1421 3695 eximeret
1442 3651 1476 3694 se

352 3735 492 3800 militum
514 3735 676 3816 tumultui,
700 3759 796 3822 quem
818 3735 877 3801 illo
898 3734 1102 3819 imperatoris
1124 3733 1274 3798 mandato
1290 3735 1477 3817 erupturum

354 3859 422 3903 esse
451 3839 668 3924 praeviderat,
700 3839 858 3905 Viennam
887 3839 1067 3924 profectum
1091 3833 1209 3902 litteris
1231 3836 1338 3900 missis
1361 3835 1476 3900 adhor-

354 3947 440 4007 tatus
463 3946 520 4022 est,
539 3947 579 4008 ut
601 3963 698 4027 quam
721 3941 885 4006 celerrime
908 3941 1042 4021 rediret,
1065 3943 1268 4018 mittamque
1289 3946 1331 4002 est
1353 3941 1479 4016 quodsi

351 4065 513 4126 prostrare
541 4049 755 4110 dissimulasset
788 4051 851 4125 ipse
876 4050 1003 4123 propria
1033 4051 1133 4124 sponte
1162 4047 1308 4124 proiceret
1344 4041 1479 4120 instando

353 4153 549 4228 principatus.
593 4148 741 4233 Ineptum
771 4154 819 4214 est
849 4147 929 4213 illud
954 4169 1134 4227 procurare,
1167 4169 1271 4232 neque
1295 4145 1380 4210 enim
1403 4143 1480 4230 quid
