3308 4934
699 320 964 380 .—22-

256 589 259 593 ι
294 518 378 563 orent
399 500 542 566 additum
564 504 621 567 est.
666 502 754 578 Quae
777 524 849 567 cum
878 503 923 567 ita
946 503 1009 566 sint
1039 525 1104 566 non
1125 503 1235 567 dubito
1265 503 1343 589 quin
1364 498 1419 568 sai

293 603 478 687 corruptum
509 605 551 670 sit
582 605 681 670 etsie
712 604 751 670 ab
775 605 945 671 Ammiano
975 606 1129 690 scriptum
1151 605 1249 670 fuisse
1272 605 1415 673 conicio:

292 705 382 771 Tuae
398 707 553 773 Julianus
570 713 605 772 nt
622 713 690 792 erat
704 711 840 786 fortuna
860 710 948 774 suis
973 710 1023 794 (=
1043 709 1126 792 apud
1144 709 1231 792 suos)
1251 711 1417 792 spectatior

291 810 473 892 meritisque
493 813 596 896 mepte
618 831 713 896 qaum
735 813 868 894 imperio
885 817 998 896 potens
1021 817 1079 877 etc.
1121 811 1294 878 Continent
1315 813 1415 900 igitur

294 912 392 977 verba
410 917 446 977 ct
467 917 535 978 crat
549 916 686 991 fanano
703 915 771 979 scis
792 915 960 998 spectatior
981 937 1050 1000 sqq.
1070 934 1207 993 oausam,
1230 936 1286 979 cur
1308 913 1413 982 Julia-

293 1037 352 1080 nus
375 1016 541 1102 Augustus
566 1015 746 1102 appellatus
769 1016 821 1082 sit.

377 1220 450 1290 xlm
474 1230 504 1288 4.
549 1222 630 1308 Agit
659 1222 720 1287 hoc
751 1223 854 1306 capite
878 1221 1066 1286 Ammianus
1095 1222 1133 1316 de
1157 1220 1296 1308 obelisco
1320 1221 1416 1287 Late-

295 1324 438 1405 ranensi,
472 1324 528 1409 qui
544 1328 766 1410 posteaquam
793 1347 812 1390 a
836 1323 1044 1390 Constantino
1075 1321 1194 1410 Magno
1225 1324 1259 1388 in
1288 1321 1416 1389 Italiam

294 1427 444 1492 devectus
466 1451 485 1492 a
507 1426 693 1493 Constantio
715 1429 749 1492 in
771 1427 855 1493 circo
879 1427 1071 1492 constitutus
1089 1432 1146 1508 est,
1166 1430 1268 1494 denuo
1292 1433 1416 1495 erectus

295 1533 343 1594 est
372 1552 391 1596 a
421 1529 512 1595 Sixto
541 1528 573 1595 V
600 1553 685 1617 papa
716 1553 799 1596 anno
832 1554 864 1616 p.
898 1529 970 1595 chr.
1002 1553 1032 1595 n.
1069 1538 1159 1601 1588.
1213 1530 1312 1596 Tecta
1344 1537 1417 1597 sunt

295 1631 397 1698 latera
416 1633 484 1698 eius
502 1633 587 1697 notis
609 1631 871 1719 hieroglyphicis‚
894 1633 1010 1719 quibus
1033 1631 1228 1718 explicandis
1251 1638 1287 1698 ut
1307 1639 1417 1700 nostra

294 1739 400 1801 aetate
437 1737 483 1802 sic
519 1737 617 1824 etiam
651 1735 792 1820 antiquis
826 1736 1025 1820 temporibus
1058 1735 1156 1801 fuisse
1197 1738 1253 1823 qui
1288 1759 1418 1825 operam

295 1840 407 1904 darent
429 1862 468 1904 ex
490 1839 672 1925 fragmento
696 1842 846 1924 apparet,
880 1841 964 1926 quod
994 1841 1196 1925 desumptum
1220 1863 1260 1906 ex
1280 1841 1417 1906 Herma·

294 1940 399 2025 pionis
430 1941 513 2007 libro
542 1937 644 2007 notas
666 1940 739 2006 illas
763 1940 884 2007 Graeco
906 1964 1054 2008 sermone
1076 1943 1315 2030 interpretantis
1337 1945 1415 2010 Am·

295 2043 419 2110 mianus
442 2045 475 2109 in
496 2044 669 2110 verborum
692 2044 835 2109 ordinem
858 2046 987 2129 recepit.
1024 2044 1132 2110 Verba
1155 2069 1236 2133 quae
1260 2049 1287 2114 si
1308 2071 1326 2112 a
1347 2045 1413 2130 pri·

295 2147 355 2213 mis
379 2149 475 2213 etiam
498 2148 531 2212 in
554 2146 645 2213 V⁰et
660 2145 792 2212 Petrino
811 2148 993 2213 extantibus
1015 2149 1197 2216 discesseris
1216 2172 1280 2216 una
1295 2147 1414 2216 Gelenii

299 2251 438 2317 editione
464 2251 556 2316 nobis
579 2247 704 2316 serrata
719 2256 818 2330 sunt,
851 2251 934 2336 quod
964 2274 1073 2316 veram
1112 2257 1259 2319 notarum
1290 2253 1417 2318 illarum

297 2355 566 2443 significationem
603 2356 734 2435 attinet,
780 2378 844 2420 non
890 2353 978 2420 nulla
1015 2355 1107 2420 nobis
1145 2357 1177 2421 in
1220 2357 1335 2435 dubio,
1379 2376 1418 2418 ne

295 2460 398 2524 dicam
431 2459 583 2536 obscuro,
613 2458 808 2544 relinquunt.
844 2458 965 2524 Tamen
994 2460 1033 2525 ad
1067 2459 1293 2545 Hermapionis
1328 2458 1417 2543 frag-

296 2565 439 2628 mentum
461 2560 693 2627 restituendum
715 2582 818 2645 pauca
839 2561 932 2626 nobis
953 2583 1047 2646 posse
1070 2562 1182 2628 addere
1205 2561 1357 2625 videmur.
1378 2595 1413 2605 -

296 2665 423 2731 Primus
456 2664 577 2731 stichus
607 2659 750 2729 continet
770 2662 851 2730 haec
880 2665 1267 2749 (ἓ18);“Λε’νεοἭλνος
1297 2665 1423 2743 βασιλεῖ

292 2770 465 2856 ‘Pupiam‘
504 2766 683 2854 δεδώρημαί
712 2788 760 2830 σοι
787 2765 845 2830 ἀνὰ
877 2770 979 2830 πᾶσαν
1017 2770 1187 2849 οἰκουμένην
1216 2765 1294 2846 μετὰ
1321 2763 1418 2848 χαρᾶς

294 2854 544 2956 concludente
558 2871 673 2948 Ἥλιος
694 2875 783 2956 φιλεῖ
801 2869 886 2956 [καὶ]
908 2870 1066 2934 Ἀπόλλων
1087 2864 1227 2956 κρατερὸςΙ
1242 2867 1419 2956 ,φιλαλήθης

294 2980 356 3054 οἷὸς
377 2978 538 3064 Ἥρωνος,
576 2981 764 3057 θεογέννητος
801 2981 919 3056 κτίστης
950 2977 1000 3055 τῆς
1031 2961 1201 3055 οἰκουμένης
1209 3019 1218 3051 ,
1253 2971 1287 3034 tv
1309 2971 1419 3046 Ἥλιος

295 3086 483 3166 προέκρινεν,
502 3077 630 3160 ἄλκιμος
644 3077 763 3164 ’Ἄρεως
781 3081 925 3160 βασιλεὺς
945 3076 1129 3156 Ῥαμὲστης,
1160 3073 1184 3158 ᾧ
1207 3077 1292 3137 πᾶσα
1314 3071 1420 3138 ὗντοτέτ.

295 3208 401 3247 aarum
424 3179 440 3260 ἡ
462 3183 497 3261 γῆ
518 3183 597 3262 μετὰ
620 3181 711 3260 ἀλκῆς
733 3185 785 3243 καὶ
810 3182 960 3266 θάρσους·
978 3181 1122 3261 βασιλεὺς
1137 3177 1298 3260 Ῥοιμέστης
1314 3175 1419 3238 Ἡλίου
1497 3179 1500 3186 ’

295 3297 367 3363 παῖς
390 3286 559 3370 αἰωνὸβιος.
583 3283 633 3348 Ex
655 3284 760 3348 verbis
782 3284 855 3350 inde
873 3284 913 3349 ab
926 3283 1084 3346 Ἀπόλλων
1103 3283 1245 3369 κρατερός
1262 3300 1363 3364 usque
1381 3277 1420 3340 ad

290 3389 461 3471 ιΡομέσνης
497 3392 587 3473 patet
618 3387 752 3471 eundem
783 3385 918 3470 eogitari
948 3385 1133 3470 Apollinem
1169 3389 1201 3449 et
1236 3381 1419 3446 Ramestem

295 3493 350 3578 qui
364 3496 506 3557 vocatur.
524 3487 612 3556 Idem
625 3513 664 3554 ex
676 3489 782 3554 verbis
796 3489 882 3553 tertii
895 3489 990 3555 stichi
1005 3489 1034 3573 (ᾗ
1045 3487 1259 3573 20)Ἀπὸλλιον
1277 3484 1418 3568 κρατερὸς

295 3599 356 3674 οἷὸς
387 3596 532 3680 Ἥρωνος
570 3583 726 3678 βασιλεὺζ
755 3596 924 3674 οἰκουμένης
958 3591 1125 3672 Ῥαμὲστης
1167 3585 1419 3652 luculentissime

295 3703 437 3786 apparet.
490 3697 588 3762 Recte
621 3697 722 3782 igitur
751 3696 929 3763 Odofredus
960 3696 1097 3761 Mueller
1132 3689 1321 3777 particulam
1355 3695 1418 3766 κοί,

191 3882 194 3891 Ι
295 3823 390 3886 quam
413 3801 503 3864 uncis
525 3799 650 3877 seclusi,
675 3798 793 3864 delevit
815 3803 847 3864 et
869 3802 943 3884 post
962 3805 1050 3882 φιλεῖ
1062 3796 1192 3884 gravius
1208 3791 1417 3876 interpunxit.

295 3901 356 3967 Sed
392 3903 501 3967 eadem
536 3903 588 3966 vie
621 3903 783 3987 progressi
816 3901 913 3966 etiam
945 3901 977 3964 in
1014 3901 1126 3985 quinto
1164 3897 1268 3962 sticho
1298 3893 1419 3978 aliquid

294 4009 418 4070 mutare
441 4006 595 4090 cogimur.
634 4004 730 4070 Cuius
752 4004 849 4068 verba
872 4007 945 4067 sunt
967 4003 1046 4067 haec
1068 4004 1099 4088 (ᾗ
1124 4002 1192 4085 22):
1210 4000 1324 4073 Ἥλιος
1347 3997 1419 4070 θεὸς

294 4108 439 4194 δεσπότης
457 4107 579 4196 οὐρανοῦ
592 4106 744 4194 Ῥαμέστῃ
760 4111 888 4196 βασιλεῖ
901 4131 907 4144 ·
931 4106 1105 4194 deduipppm
1121 4109 1152 4175 τὸ
1172 4104 1279 4194 κράτος
1297 4103 1349 4160 καὶ
1368 4099 1419 4180 τὴν
