3308 4934
658 327 871 388 -49..

199 505 313 592 Neque
336 508 370 570 in
399 507 460 590 §3
491 507 665 592 quidquam
694 507 732 569 de
763 528 801 570 ea
832 506 995 585 audimus,
1028 505 1083 570 ubi
1107 527 1180 570 eum
1211 505 1338 622 absque

200 609 411 694 praefecturis
428 609 600 674 marcuisse
618 608 765 693 legimus,
780 630 885 693 neque
903 609 954 672 his
971 608 1078 674 verbis
1100 607 1142 672 ad
1158 629 1195 672 ea
1216 607 1342 696 respici-

198 715 320 796 potest‚
350 732 433 795 quae
456 711 605 775 extaut'
596 733 630 776 ln
651 711 727 794 §2:
759 713 838 774 tuuc
865 715 954 788 quasi
980 713 1099 790 peuuita
1127 713 1273 788 quaedam
1299 717 1334 772 ut

192 815 315 896 fluctuet
334 820 436 892 poetae
449 817 580 891 fortuma
600 816 704 877 aeteus
720 817 911 893 praepetibus
934 817 1042 892 piranis
1069 833 1150 877 uuum
1176 814 1333 890 beuqieuut

199 917 364 982 ostendebat
393 923 421 979 et
450 919 559 979 amicos
589 919 681 978 attius
711 920 881 995 erioeutera,
917 919 1094 993 aliquotiens
1128 915 1333 978 insidiatorem

199 1023 299 1082 diruo
321 1026 348 1081 et
364 1039 422 1097 por
442 1026 580 1082 uueutas
600 1021 722 1081 owuiurn
749 1023 921 1084 simultates.
964 1017 1080 1103 Neque
1110 1017 1195 1082 enim
1227 1014 1339 1081 salum'

199 1121 298 1186 verba
311 1125 368 1184 itta
381 1125 626 1201 mapaaoeiocitato
640 1124 764 1185 coalitus
782 1123 823 1187 ab
841 1121 906 1186 illis
925 1121 1021 1186 nimis
1043 1119 1143 1206 longo
1160 1117 1332 1184 intervallo

201 1225 345 1290 seiuncta
366 1227 450 1304 sunt,
474 1247 571 1308 quam
589 1227 626 1288 ut
648 1227 722 1308 apte
740 1226 780 1290 ad
798 1247 835 1290 ea
853 1228 985 1309 possent
1003 1223 1126 1303 referri,
1149 1222 1205 1288 sed
1221 1221 1331 1306 priora

202 1326 260 1393 illa
280 1328 390 1406 verba,
414 1348 496 1411 quae
518 1348 583 1391 non
605 1327 699 1392 modo
718 1327 846 1393 laudem
869 1327 925 1392 sed
947 1327 1046 1392 etiam
1062 1325 1332 1412 vituperationem

201 1431 345 1515 aliquam
378 1431 560 1508 continent,
593 1430 632 1494 ad
660 1451 728 1494 rem
749 1453 881 1514 prorsus
912 1428 1009 1494 aliam
1040 1427 1195 1514 spectant.
1239 1426 1334 1515 Mag·

200 1532 372 1596 nanimitas
394 1533 433 1596 de
462 1555 526 1617 qua
554 1533 607 1597 hic
639 1533 747 1618 agitur
771 1534 852 1598 mihi
873 1535 914 1599 ad
941 1533 1024 1598 nihil
1052 1530 1140 1596 aliud
1170 1531 1332 1616 pertinere

200 1635 287 1699 ridet
273 1639 343 1713 tur,
375 1656 472 1718 quam
495 1635 582 1719 quod
603 1657 767 1720 nunquam
800 1641 918 1700 «otianti
948 1640 992 1700 oet
1024 1654 1107 1702 seruo
1137 1653 1224 1715 apere
1254 1635 1335 1712 quia·

201 1759 290 1814 iiim
312 1741 400 1800 iussu
420 1741 518 1800 inlicit
505 1741 634 1822 transs.)
679 1737 782 1814 Quam
809 1740 849 1804 ab
872 1761 941 1804 rem
973 1761 1045 1804 meo
1076 1739 1146 1803 iure
1176 1738 1223 1802 sic
1253 1735 1334 1800 mihi

202 1840 363 1926 corrigere
396 1839 506 1904 videor
537 1859 699 1919 uunquam
731 1844 807 1904 itte
838 1844 1084 1922 mwamiuitate
1115 1844 1241 1932 coaetus
1273 1843 1333 1904 etc.

287 2043 397 2113 XXViii
424 2051 452 2122 1,
471 2049 511 2111 43
535 2065 605 2129 sqq.
650 2043 841 2110 Ammianus
858 2049 968 2110 namet
986 2046 1064 2131 quid
1081 2047 1121 2111 ab
1140 2046 1186 2111 cis
1203 2048 1332 2132 gestam

205 2147 247 2210 sit
283 2147 338 2229 qui
371 2148 447 2229 post
477 2143 690 2210 Maximinum
724 2146 877 2212 vicariam
912 2148 1149 2234 praefecturam
1183 2149 1219 2214 in
1253 2149 1332 2215 urbe

207 2244 311 2308 Roma
332 2247 538 2312 obtinuerint.
583 2245 650 2313 Sub
672 2249 765 2314 initio
788 2250 805 2334 ξ
828 2257 870 2318 44
892 2251 972 2316 haec
997 2256 1072 2316 sunt
1100 2252 1234 2318 tradita:
1263 2255 1335 2316 Post

208 2349 284 2410 auto
305 2347 339 2431 (i.
363 2371 388 2417 e.
411 2348 637 2436 Maximinum)
665 2355 745 2416 oeuit
771 2356 923 2418 Ursicinus
953 2358 994 2417 ad
1014 2357 1135 2418 nutura
1151 2357 1335 2433 namur.

208 2452 266 2525 qui,
288 2455 427 2527 quouioou
447 2459 552 2516 mutus
574 2473 633 2517 esse
654 2457 748 2519 oouoit
770 2462 797 2517 et
817 2459 925 2529 ciuilia
947 2461 1101 2520 rettulerat
1121 2459 1250 2520 Esaiam
1270 2475 1336 2519 aum

205 2554 275 2615 otiis
302 2557 337 2615 ob
364 2559 547 2619 mmuissuue
577 2559 758 2620 adulterium
783 2561 817 2620 ia
843 2563 986 2638 Rufuuaou
1014 2562 1137 2624 daeutis
1159 2561 1336 2624 Marcellum

203 2659 344 2719 marinae
373 2660 437 2720 aas
470 2677 505 2721 ea
538 2665 642 2737 aucuia
674 2663 709 2723 ia
738 2665 825 2724 rebus
857 2681 941 2725 roura
971 2663 1145 2726 acunumiae
1172 2653 1336 2724 maiestatis

204 2763 318 2838 deferre
337 2765 469 2827 emmiu:
491 2765 613 2840 ideoque
633 2771 667 2827 ut
689 2771 839 2827 emautur
861 2771 1038 2844 muteruptus
1059 2771 1110 2828 est.
1152 2763 1199 2831 Ut
1218 2766 1337 2844 deferre

204 2866 333 2941 aliquem
347 2865 432 2949 apud
451 2866 609 2950 sequioris
627 2868 743 2932 aetatis
761 2867 934 2952 scriptores
957 2867 1143 2952 saepissime
1160 2866 1333 2946 invenitur,

203 2966 250 3030 ita
280 2967 366 3051 quod
397 2968 496 3032 sciam
526 2991 702 3055 numquam
732 2974 844 3049 referre
874 2975 1018 3050 aliquem,
1053 2970 1108 3035 sed
1138 2971 1195 3034 aut
1224 2971 1337 3048 rosere

204 3071 322 3146 aliquit
344 3074 400 3135 aut
421 3072 457 3134 ie
478 3071 530 3135 vel
551 3091 642 3150 suqrer
663 3077 764 3152 atiquo
791 3077 847 3138 aut
868 3077 998 3152 aliquem
1027 3071 1136 3137 addito
1164 3071 1334 3138 infinitivo.

204 3169 274 3234 'Puo
296 3171 397 3256 igitur
418 3172 487 3236 iure
509 3172 543 3236 in
560 3175 667 3239 verbis
686 3195 767 3258 quae
790 3175 945 3260 exscripsi
967 3173 1117 3240 haeseris.
1163 3163 1335 3238 Praeterea

206 3277 314 3338 autem
348 3277 419 3339 tota
452 3275 610 3340 sententia
645 3299 710 3343 non
744 3276 826 3342 bene
861 3276 1023 3362 procedit,
1060 3298 1133 3341 cum
1165 3273 1337 3360 participis

205 3379 327 3440 tecutis
349 3379 382 3442 et
403 3381 516 3441 conatis
544 3378 633 3442 nulla
661 3378 820 3463 particula
849 3379 1019 3445 coniuncta
1049 3377 1130 3459 sint,
1163 3377 1337 3463 quominus

205 3479 312 3542 autem
339 3479 373 3543 in
398 3480 505 3546 verbis
532 3480 605 3545 inde
628 3503 647 3546 a
668 3485 846 3545 Marcellum
871 3480 1035 3566 usquead
1064 3483 1177 3546 auom
1207 3501 1335 3546 causam

205 3578 308 3644 inesse
339 3603 524 3648 censeamus
556 3583 624 3648 eius
654 3584 718 3663 rei,
750 3583 835 3667 quod
864 3583 905 3647 ab
928 3581 1079 3649 Ursicino
1110 3581 1258 3648 homines
1286 3581 1337 3647 illi

204 3677 438 3765 detinebantur,
461 3686 560 3751 verba
581 3687 710 3752 obstent
730 3691 764 3749 ot
782 3688 965 3749 muuaiseuoa
982 3688 1172 3751 carteiae.
1218 3684 1336 3750 Omnia

205 3783 290 3848 bona
312 3788 408 3871 atque
430 3791 518 3854 recta
542 3793 650 3870 arunt,
681 3789 708 3852 si
736 3789 784 3852 ita
811 3808 938 3853 mecum
964 3788 1005 3854 ab
1027 3785 1201 3852 Ammiano
1233 3784 1336 3871 scrip·

206 3939 412 3953 —n—

293 4023 312 4093 ¹)
330 4025 456 4082 Eandem
488 4027 567 4082 verbi
597 4027 714 4084 iubendi
742 4026 979 4084 constructionem
1010 4025 1121 4082 invenis
1156 4023 1249 4080 XXVI
1275 4025 1336 4092 8,5

204 4112 273 4178 ipsis
290 4111 412 4166 hostibus
428 4115 510 4168 iussit
527 4130 607 4168 auum
623 4115 728 4168 cinare
746 4120 889 4167 rectorem.
1259 4129 1261 4134 ’

1184 4213 1203 4265 4
