3308 4934
711 359 919 419 ..11-

253 541 441 627 veniamque
472 545 635 626 peterent,
667 541 873 607 Constantius
907 539 1048 606 exercitu
1082 542 1257 606 convocato
1292 539 1380 623 quod·

251 645 341 711 iustis
364 646 604 712 condicionibus
626 651 761 732 poscant
792 647 837 712 eis
867 645 1071 712 tribuendum
1101 642 1376 728 reputandumque

250 771 317 814 esse
339 749 528 833 dicitquod
549 771 614 816 non
642 751 696 816 nte
725 751 823 817 leoste's
844 751 984 816 m‘neltm
1004 748 1106 819 soles,
1138 748 1194 828 ecel
1224 746 1309 811 cedit
1337 746 1374 810 c‘n

250 853 317 919 acie
336 855 475 936 pondere
496 861 659 920 elmerum
680 873 846 938 oppresses
868 857 897 919 et
918 855 1052 931 cirtem,
1081 852 1137 917 sed
1156 849 1254 916 mnlto
1274 849 1376 914 totins

250 959 342 1021 etiem
362 957 436 1029 tabe
456 961 578 1029 tacente
599 957 658 1022 sac
678 959 789 1040 lnpnm
815 958 950 1022 mittitur
972 954 1183 1032 uoluntarius,
1205 954 1260 1036 qni
1282 952 1377 1018 senlc't

252 1065 396 1142 emperms
418 1081 475 1125 nee
489 1061 717 1138 fortitudinem
742 1061 779 1124 ln
806 1059 931 1125 rebellis
962 1080 1018 1124 nec
1048 1058 1207 1124 lenitatem
1237 1059 1273 1122 e'n
1301 1075 1375 1138 snp-

249 1161 345 1244 pllces
379 1165 503 1230 animos
537 1164 644 1230 obesse
658 1163 681 1247 ¹)
719 1163 794 1249 [lec.
819 1171 836 1231 7
860 1162 950 1249 litt.].
988 1161 1136 1227 ¹Etiamsi
1170 1161 1285 1227 lacuna
1317 1159 1375 1226 ille

253 1287 347 1350 quam
371 1267 550 1353 significavi
572 1267 605 1330 in
625 1265 671 1330 V⁰
691 1289 756 1332 non
774 1266 888 1345 hiemet,
911 1269 1019 1331 tamen
1037 1264 1159 1351 aliquid
1180 1265 1375 1330 desiderare-

249 1391 329 1449 mus,
351 1371 385 1434 id
403 1369 534 1449 scilieet,
557 1371 608 1436 cui
629 1392 733 1454 neque
751 1371 784 1434 in
808 1369 945 1435 rebelles
963 1368 1117 1434 fortitudo
1135 1391 1239 1456 neque
1260 1369 1375 1434 lenitas

248 1473 281 1536 in
303 1473 499 1558 suplicantes
521 1473 652 1540 deesset.
697 1472 843 1558 Apparet
863 1473 964 1559 igitur
994 1471 1142 1539 lacunam
1174 1474 1219 1539 sic
1241 1473 1374 1558 explen-

249 1578 321 1641 dem
345 1599 413 1643 esse
435 1581 491 1660 qni
511 1581 604 1644 seem
626 1583 772 1662 expertas
793 1585 850 1644 nec
864 1579 1091 1657 fortitudinem
1113 1580 1149 1643 tn
1171 1576 1296 1643 rebellis
1318 1597 1374 1642 nee

250 1679 410 1746 lenitatem
423 1683 459 1747 e'n
472 1681 629 1766 supplices
641 1684 765 1748 animos
778 1682 956 1767 (ammiel)
970 1682 1076 1748 abesse
1084 1681 1160 1760 <R
1168 1681 1300 1747 omani
1307 1688 1374 1758 s>.

333 1869 395 1938 xlv
419 1877 467 1950 11,
484 1879 512 1938 4.
562 1871 639 1940 mem
658 1871 734 1937 laec
754 1871 895 1956 tollamne
917 1871 1069 1938 sollicitas
1090 1872 1159 1938 eins
1182 1869 1263 1956 (soil.
1288 1870 1372 1934 Oon·

249 1973 372 2057 stentii)
395 1993 491 2039 acres
513 1974 728 2040 eceeberecent
749 1977 906 2058 eaposltes
927 1994 1044 2052 semper
1062 1975 1217 2049 eiusmodi
1238 1973 1373 2038 remori-

249 2075 306 2140 lms
327 2081 356 2140 e't
374 2080 532 2158 petentes,
563 2078 655 2142 cerie
683 2079 790 2143 animo
820 2080 1003 2159 tremiscente
1033 2077 1164 2143 consilio
1193 2075 1320 2142 tandem
1337 2075 1374 2140 ld

249 2189 285 2242 nt
306 2180 458 2262 optimum
482 2181 708 2264 faeteelepe't:
739 2185 767 2246 et
794 2180 980 2248 Ursicinum
1001 2185 1054 2246 ete.
1098 2178 1150 2245 sie
1172 2177 1213 2258 V,
1244 2179 1277 2243 in
1308 2201 1372 2263 quo

251 2282 348 2346 verba
378 2284 470 2348 ceeia
499 2285 605 2350 animo
626 2287 808 2349 tremiscente
833 2283 967 2350 consilto
998 2287 1150 2368 corrupta
1180 2304 1248 2348 esse
1278 2304 1372 2346 nemo

251 2405 314 2449 non
348 2385 442 2450 videt.
486 2385 601 2471 Neque
635 2408 711 2452 vero
747 2387 903 2452 assentior
938 2385 1117 2470 Hermion,
1152 2386 1208 2471 qui
1243 2383 1373 2450 castelli

248 2488 427 2554 coniectura
443 2495 630 2556 tumescente
648 2493 777 2574 recepte
794 2490 840 2554 ita¹
854 2493 949 2575 putat
966 2489 1168 2554 scribendum
1188 2510 1255 2554 esse
1271 2488 1373 2554 cerlis
1412 2553 1414 2558 ,

246 2593 352 2659 animo
387 2598 573 2660 tremescente
608 2593 769 2672 consiliis,
810 2615 882 2658 cum
922 2591 1036 2658 talium
1074 2590 1371 2676 interpolationem,

245 2695 373 2779 qualem
388 2695 450 2763 hoc
471 2696 543 2762 loco
562 2697 658 2762 homo
677 2696 878 2763 doctissimus
896 2699 1037 2761 statuere
1054 2694 1133 2774 vult,
1152 2695 1185 2758 in
1199 2693 1372 2758 Ammiano

244 2799 298 2864 vix
326 2797 428 2864 ullum
457 2799 674 2883 deprehendas
707 2799 895 2884 exemplum
917 2821 1021 2884 neque
1045 2799 1175 2864 omuino
1206 2796 1269 2862 hoo
1300 2797 1372 2861 loco

243 2902 442 2976 tumescenti
464 2903 597 2968 verbum
620 2904 697 2968 satis
719 2904 865 2970 videatur
887 2906 998 2988 aptum
1021 2925 1106 2981 esse,
1139 2903 1260 2989 quippe
1287 2899 1373 2985 quod

246 3003 401 3070 translate
411 3005 531 3070 dictum
541 3028 665 3091 semper
677 3005 818 3092 aliquem
830 3006 998 3090 superbiae
1010 3006 1196 3094 festidiiqne
1208 3005 1373 3072 notionem

246 3107 373 3172 habeat.
429 3107 469 3172 of.
499 3130 525 3172 e.
557 3131 587 3194 g.
620 3108 683 3174 XV
717 3119 746 3189 8,
777 3116 812 3187 7;
849 3106 928 3174 XVI
965 3117 1075 3188 5,1t;
1111 3106 1225 3178 XXIII
1262 3114 1372 3188 6,19;
1446 3123 1448 3127 ’

243 3209 355 3275 XXIV
381 3217 409 3289 2,
436 3218 462 3276 1.
490 3210 598 3287 *Quod
620 3233 660 3277 ne
683 3211 735 3276 hio
757 3234 885 3296 quoque
908 3216 1085 3278 statuemus
1115 3236 1187 3282 oum
1218 3211 1374 3277 aliatum

243 3313 347 3397 prima
360 3313 557 3400 paragraphi
569 3315 666 3380 verba
681 3316 810 3381 obstant
828 3337 898 3382 enm
911 3316 986 3381 laec
1003 3317 1145 3400 taliaque
1163 3315 1305 3382 sollici
1311 3311 1374 3380 tes

243 3418 311 3482 eins
340 3437 433 3484 annes
463 3418 684 3484 everbereeent.
727 3417 790 3484 Sed
811 3441 851 3484 ne
881 3418 914 3484 id
945 3419 1089 3503 quidem,
1122 3417 1209 3506 quod
1232 3419 1373 3504 Eyssen-

243 3518 385 3584 hardtius
417 3523 450 3584 et
478 3519 736 3588 Gardthausenus
767 3523 884 3588 codicis
906 3518 1030 3588 Petr'ini
1062 3523 1237 3608 lectionem
1270 3520 1369 3586 secut'

244 3620 277 3684 in
299 3622 440 3688 ordinem
461 3624 632 3690 verborum
665 3630 854 3710 receperunt
884 3628 978 3694 carle
1007 3631 1112 3692 unlmo
1134 3633 1205 3692 lmn
1227 3626 1375 3688 miscente

145 3767 151 3784 .
244 3724 385 3804 consilia,
408 3726 488 3800 mihi
505 3729 677 3812 probatum
700 3728 857 3814 particule
880 3730 966 3798 enim
985 3736 1055 3798 trem
1071 3729 1136 3796 hoe
1153 3729 1229 3792 loeo
1248 3742 1378 3810 prorsus

243 3849 492 3912 supervacanea,
525 3853 563 3896 ne
586 3832 689 3897 dicam
717 3832 867 3910 molesta,
901 3841 960 3904 est.
1010 3833 1103 3913 Quod
1133 3849 1213 3898 vero
1246 3825 1382 3893 coniecit

239 4003 443 4014 ——...

328 4087 347 4154 ¹)
364 4087 404 4142 sic
422 4091 496 4143 reete
514 4089 748 4158 Eyssenhardtius
766 4109 816 4160 pro
835 4109 867 4147 eo
886 4094 965 4164 quod
986 4099 1029 4150 eet
1047 4093 1079 4148 in
1099 4093 1138 4148 V⁰
1156 4092 1260 4146 edesse.

326 4174 346 4243 ²)
364 4173 424 4230 Iud.
442 4174 506 4229 lect.
525 4175 639 4231 Vratisl.
661 4177 727 4232 1874
743 4195 769 4247 p.
787 4179 805 4230 4
822 4195 862 4248 sq.
982 4171 984 4176 ’
1306 4185 1308 4188 ’
