3308 4934
673 321 884 382 -35..

213 509 330 574 tentiae
354 505 485 571 lenibus
513 501 664 568 adhibitis
694 501 828 567 medelis
857 501 903 566 iia
934 505 1008 586 apte
1039 501 1218 568 succuritur
1246 505 1341 568 esum

212 619 355 692 pastuum
395 609 574 687 adstruis
614 609 710 682 quoad
745 611 825 668 stare
859 611 998 682 poterunt
1035 613 1223 672 maumam
1261 613 1341 670 tea.

214 717 331 777 turis.
344 713 369 796 ι)

300 917 374 986 ΧΧΙΙ
397 925 427 996 9,
453 922 481 981 l.
534 914 577 976 Ae
604 916 754 990 prosperis
775 915 920 976 Julianus
955 914 1060 975 elatior
1095 917 1177 978 ultra
1210 917 1339 980 domimus

213 1026 278 1084 iam
295 1024 435 1098 spirabat,
450 1018 594 1095 perieulis
613 1023 746 1094 oppertus
763 1017 908 1087 adsiduis,
928 1015 1007 1090 quod
1024 1019 1051 1078 ei
1068 1020 1163 1080 orbern
1175 1021 1342 1083 Romanum

213 1127 329 1202 prauae
344 1127 408 1186 ima
429 1123 542 1200 repeuti
557 1122 637 1182 uetat
653 1121 835 1181 muudauam
851 1121 1057 1197 carumcopiam
1073 1122 1209 1185 Fortium
1225 1129 1342 1202 perteus

213 1231 344 1306 propitia
362 1231 470 1290 cauda
486 1225 615 1302 pioriosa
637 1223 784 1300 deserebat
800 1228 827 1284 et
840 1240 992 1299 prospero,
1014 1227 1190 1302 aretepressis
1206 1228 1343 1290 uictoria·

94 1369 98 1379 .
215 1351 281 1392 rm„
301 1333 400 1393 usuales
431 1330 501 1390 aueo
530 1344 643 1402 quoque
675 1327 813 1397 adirieus,
843 1326 922 1401 quod
952 1327 1023 1386 dmm
1051 1331 1159 1390 ·teaeret
1187 1331 1343 1408 imperium

212 1437 291 1496 sotus
312 1452 366 1494 uec
386 1434 510 1494 motibus
531 1433 656 1494 iuteruis
679 1439 721 1491 est
743 1433 870 1492 auarus
892 1448 944 1490 uec
965 1431 1158 1494 barbarorum
1186 1436 1342 1510 qaisquam

213 1541 299 1600 uitro
323 1555 393 1598 suos
419 1537 536 1598 assiluit
554 1538 640 1612 fiaes.
677 1531 854 1600 Ofelicem
881 1532 1047 1598 Julianum
1072 1537 1218 1618 perires
1242 1555 1342 1600 annos

218 1659 385 1722 nunquam
414 1636 552 1721 querella
580 1637 644 1702 isia
673 1641 839 1716 vexatum,
869 1658 965 1721 quam
994 1657 1066 1702 cum
1094 1659 1153 1723 par
1180 1641 1245 1703 ires
1276 1638 1343 1702 dias

223 1763 335 1825 passus
358 1744 438 1805 essct
458 1739 578 1806 Fronio
601 1741 708 1806 facere
730 1763 795 1807 non
817 1741 925 1827 pciuii
947 1741 1024 1826 quin
1047 1740 1086 1805 ad
1108 1739 1151 1805 M.
1175 1738 1343 1806 Caesarem

220 1845 259 1908 de
282 1844 544 1926 asscribersi1²)
570 1879 607 1892 -
632 1842 763 1908 Tradita
784 1842 880 1908 lectio
903 1863 999 1927 quam
1018 1846 1102 1908 ossei
1124 1841 1258 1909 ridicula
1280 1841 1343 1908 iam

217 1945 382 2012 Bentleius
395 1947 419 2030 ³)
458 1945 619 2010 iniellexii
654 1946 710 2031 qui
744 1967 803 2031 pro
840 1949 969 2008 amcitus
1004 1945 1142 2032 margini
1177 1943 1345 2029 adscripsit

215 2057 352 2113 testatus.
388 2047 524 2133 Scripsit
544 2071 619 2114 vero
641 2048 831 2114 Ammianus
853 2048 949 2114 haec:
973 2052 1050 2126 quod
1071 2051 1142 2112 dum
1163 2055 1269 2112 temeret
1290 2050 1344 2109 iru-

213 2155 336 2234 pcrimu
357 2155 446 2233 solers,
467 2152 517 2215 aee
536 2156 662 2216 motibus
682 2153 808 2215 imeruis
830 2159 872 2214 est
893 2155 1094 2215 causitum
1115 2171 1168 2216 uec
1189 2155 1248 2217 sic.

307 2356 382 2426 ΧΧΙΙ
396 2367 424 2437 9,
437 2367 509 2443 6sq.
548 2341 737 2424 Ammianus
755 2357 954 2423 Pessinuntis
972 2356 1060 2423 urbis
1078 2357 1241 2424 mentions
1259 2355 1345 2422 iacta

223 2459 268 2524 sic
288 2461 410 2546 pergit:
442 2483 531 2539 quom
553 2468 652 2525 autom
673 2464 708 2524 ob
733 2481 795 2524 rem
816 2463 869 2524 doe
888 2464 1005 2524 uomiue
1026 2464 1166 2540 oppidum
1186 2464 1226 2524 sit
1246 2463 1346 2538 appri-

218 2565 322 2636 latum,
353 2568 472 2628 uariam
503 2583 606 2628 reram
634 2567 805 2642 scriptorem
843 2567 964 2644 quidam
995 2568 1073 2628 auus
1100 2568 1241 2648 fipuueato
1276 2567 1347 2628 deae
1419 2605 1423 2612 -

217 2666 341 2730 caelitus
362 2670 443 2745 tapso
466 2652 529 2731 dai
553 2668 603 2729 τοῦ
626 2675 749 2746 πεσεῖν,
779 2671 857 2745 quod
878 2672 982 2733 cadere
1001 2687 1054 2731 uos
1076 2670 1221 2742 mainus,
1247 2671 1347 2732 mosa

220 2771 373 2832 adseruare
406 2773 649 2851 copuomiuatam.
705 2771 772 2833 Atii
806 2779 967 2839 memorant
1004 2775 1086 2836 Itum
1128 2773 1213 2834 Trois
1246 2773 1347 2850 fitium

221 2875 396 2936 Dardaniae
424 2894 520 2953 rupem
551 2877 644 2936 iocma
675 2878 717 2936 sie
747 2879 918 2952 appellasse.
966 2877 1165 2953 Theopompus
1186 2893 1245 2938 uou
1266 2875 1348 2938 Num

221 2976 254 3035 id
274 2979 364 3054 spisse
387 2981 436 3040 sed
458 2979 578 3040 Midam
600 2981 739 3056 mfimuut
760 2981 911 3058 Pirppias
939 2969 1087 3055 quosdam
1110 2974 1348 3055 potentissimum

220 3097 320 3156 rupem.
355 3078 405 3144 Ex
423 3079 537 3163 primis
556 3101 667 3145 sorum
686 3101 768 3165 quae
792 3081 946 3168 exscripsi
964 3080 1070 3146 verbis
1093 3084 1228 3164 apparet
1246 3080 1348 3165 scrip·

221 3184 322 3246 iorem
351 3183 456 3248 varias
486 3204 599 3247 causas
631 3205 816 3249 enumerare
847 3184 987 3250 voluisse
1020 3183 1061 3249 ob
1093 3204 1172 3268 quas
1198 3182 1349 3249 Pessinus

173 3327 176 3334 ·
219 3305 337 3348 nomen
359 3307 452 3349 suum
474 3286 635 3368 accepisse
658 3287 845 3356 tradmeiur.
882 3285 998 3371 Neque
1017 3307 1093 3350 vero
1112 3290 1348 3352 enumerantur.

221 3384 339 3450 Posiea
362 3387 447 3452 enim
470 3408 566 3472 quam
589 3389 852 3455 commemoravit
874 3389 955 3456 alios
978 3409 1086 3452 sama
1108 3389 1186 3455 deae
1209 3383 1349 3476 imagine

217 3488 257 3554 de
281 3488 371 3554 caelo
393 3489 485 3582 lapsa
507 3489 553 3554 iia
575 3491 834 3577 cognominatam
858 3513 926 3556 asse
949 3489 1137 3574 prodidisse,
1168 3492 1201 3557 id
1223 3495 1349 3556 tantum

274 3757 276 3761 ¹
309 3695 329 3762 ¹)
346 3695 581 3752 Wilamowitaius
611 3697 704 3753 locam
736 3698 778 3754 ita
808 3698 902 3766 potins
933 3695 1142 3754 restituendum
1169 3715 1227 3754 essa
1254 3701 1350 3756 censat

221 3783 311 3834 titulis
339 3789 475 3850 postorum
493 3785 593 3850 adfixis
610 3787 755 3848 se<eieua
778 3785 1001 3851 confitentibus>
1025 3789 1115 3854 quoad
1133 3794 1206 3842 sture
1219 3790 1352 3852 poteraut

221 3874 395 3920 mouumeuta
413 3871 532 3921 lecturis.

310 3951 329 4015 ²)
347 3950 381 4004 cf.
409 3949 445 4003 ad
473 3950 510 4004 M.
529 3951 639 4007 Caesar.
666 3953 695 4006 et
721 3953 842 4008 invicem
869 3953 976 4008 libr.V
1003 3955 1036 4010 69
1063 3972 1090 4024 p.
1117 3956 1150 4011 91
1178 3953 1221 4010 ed.
1248 3951 1352 4012 Nabar.

108 4049 123 4100 .‘
223 4037 322 4088 tertius
342 4037 400 4089 dies
418 4044 457 4088 est
474 4040 546 4104 quod
558 4055 614 4106 per
631 4046 732 4091 uectem
750 4055 858 4094 morsus
880 4044 984 4095 uentris
1008 4057 1069 4095 eum
1088 4043 1227 4110 profluuio
1250 4043 1352 4108 patior.

310 4119 330 4186 ³)
348 4120 417 4173 Mus.
437 4120 526 4175 Rhea.
546 4121 579 4175 N.
599 4121 624 4174 S.
662 4120 765 4177 XXXV
781 4143 808 4194 p.
828 4123 887 4180 343.

1167 4228 1198 4284 3*
