3308 4934
740 305 949 364 -50..

282 491 377 546 meret
393 483 516 559 pedum,
547 485 705 548 interirent
726 486 834 561 reliqui
855 503 959 548 omnes.
1004 485 1068 550 Pro
1091 484 1131 549 V1
1148 485 1284 554 lectione
1306 508 1411 568 cormo-

282 589 362 658 sitos‚
384 605 467 668 quae
489 585 598 670 inepta
622 589 686 665 est,
718 587 817 673 vulgo
852 587 973 673 legitur
1005 593 1218 667 incompositos.
1262 588 1323 656 Sed
1345 591 1410 656 alio

282 691 375 752 vetus
390 687 548 772 scripture
566 688 680 753 ducere
695 689 829 754 videtur.
862 689 1002 756 Facilius
1021 692 1116 772 enim,
1130 696 1216 757 certe
1231 691 1410 778 elegantius

283 789 460 854 correxeris
490 790 552 855 ita:
585 793 708 854 oisemo
737 801 820 855 nocte
840 796 989 868 suspensis
1005 796 1146 868 possitus
1177 790 1410 870 consopitos

282 895 438 971 cipressus
460 903 503 956 est
525 895 584 956 etc.
620 891 660 956 ef.
684 891 764 957 XIV
787 901 816 972 2,
841 901 858 960 2
881 913 953 971 qnos
975 914 1040 958 cnm
1061 897 1095 957 in
1116 914 1248 960 somnnm
1268 900 1411 962 sentirent

282 996 388 1071 effusos
404 1014 461 1072 per
482 997 637 1058 amoratin
658 998 849 1073 qnodrnpedc
869 999 968 1075 proin
984 985 1116 1073 repentes
1133 1005 1411 1077 seseqnesnspensis

278 1100 417 1174 possitne
439 1100 612 1160 iniectantes
633 1100 667 1160 in
688 1100 813 1176 scaptos
835 1099 943 1162 eisdem
960 1100 1067 1182 enim†
1080 1100 1102 1183 ¹)
1125 1102 1204 1162 nihii
1220 1104 1411 1178 opinantibus

283 1202 481 1272 adsistebomt;
505 1203 537 1262 et
559 1197 638 1263 XIX
658 1208 686 1281 6,
704 1207 722 1265 7
746 1210 835 1276 otqne
855 1204 953 1278 ipsnm
974 1204 1114 1278 spr'ritnm
1134 1207 1325 1280 reprimentes
1346 1224 1411 1268 cnm

277 1322 371 1380 prope
399 1306 546 1366 venissent
567 1348 575 1363 .
597 1347 605 1362 .
627 1347 664 1363 ..
694 1306 850 1365 exteriores
879 1313 1042 1367 costrornm
1071 1305 1176 1383 cipiles
1203 1317 1238 1369 nt
1265 1309 1299 1369 in
1327 1310 1410 1371 metio

282 1409 339 1470 toti
366 1415 444 1469 mein
464 1409 573 1482 sopitos
595 1409 801 1471 obtruncantes
823 1409 882 1469 etc.
907 1442 946 1452 —
969 1410 1136 1484 consopitus
1157 1407 1277 1493 legitur
1299 1407 1410 1473 XXIX

285 1514 312 1587 1,
329 1515 378 1576 16.
409 1506 458 1572 De
476 1527 594 1592 genere
612 1506 813 1591 corruptelae
832 1507 872 1571 cf.
885 1506 1059 1572 Schneider
1076 1507 1098 1574 1.
1112 1531 1138 1575 c.
1150 1532 1182 1592 p.
1198 1517 1238 1579 29
1257 1511 1362 1577 adnot.
1381 1521 1409 1578 1.

367 1712 455 1783 xxxi
481 1719 529 1791 13,
555 1720 594 1779 12
616 1735 686 1797 sqq.
709 1711 848 1776 Euarret
870 1711 1060 1776 Ammianus
1082 1713 1222 1778 diverses
1245 1715 1283 1778 de
1306 1719 1410 1780 morte

283 1814 431 1882 Veientis
445 1837 556 1902 pugna
569 1814 881 1897 Hadrianopolitana
898 1814 1060 1879 interfecti
1078 1814 1252 1881 relationes
1270 1817 1410 1901 dicitque

283 1940 323 1983 ex
355 1918 492 1985 eliorum
528 1917 687 1982 sententia
720 1938 794 1980 eum
829 1917 948 2001 sagitte
986 1938 1172 2000 percussum
1207 1919 1298 1984 brevi
1336 1923 1410 2002 post

281 2025 445 2086 morttmm
467 2042 535 2086 esse
558 2040 662 2103 neque
684 2041 821 2102 usquam
838 2023 951 2102 posteo
968 2022 1140 2102 repertum.
1177 2023 1317 2085 Hostinm
1333 2025 1411 2085 enim

276 2125 384 2200 petreis
414 2124 564 2200 spoiinnrii
593 2126 696 2200 pretio
724 2132 853 2186 morinos
870 2141 926 2199 per
948 2141 983 2184 eo
1004 2126 1067 2184 tocc
1088 2125 1143 2186 din
1163 2125 1288 2188 oersotis
1308 2127 1410 2188 mins

274 2228 453 2304 sopotcrnm
473 2229 519 2290 eei
541 2229 707 2289 oceoiornm
727 2227 801 2288 iitnc
822 2226 907 2287 odere
928 2234 971 2288 est
987 2243 1087 2289 onsns.
1126 2223 1161 2289 Si
1175 2225 1271 2310 pauci
1283 2229 1411 2290 tentum

279 2327 423 2396 hostium
452 2329 487 2392 in
516 2327 582 2393 illis
613 2326 799 2413 regionibns
821 2327 941 2392 diutius
963 2326 1081 2391 morati
1103 2332 1222 2407 essent,
1254 2333 1411 2394 nouerat

280 2451 338 2495 our
366 2434 457 2496 tanto
489 2434 521 2495 et
549 2429 669 2496 milites
691 2434 724 2495 et
745 2429 872 2495 accolae
895 2427 1101 2494 afficerentur
1123 2430 1255 2510 timore,
1287 2435 1409 2497 utnon

282 2533 437 2599 auderent
456 2531 620 2597 interfecti
641 2531 796 2616 principis
819 2552 934 2614 corpus
956 2531 1119 2616 indagare.
1158 2529 1273 2616 ltaque
1295 2535 1411 2619 opinor

281 2638 355 2700 ente
380 2638 491 2713 potiris
522 2633 726 2698 inserendum
759 2654 828 2698 esse
859 2653 950 2706 non,
986 2633 1072 2716 quod
1102 2637 1176 2716 post
1206 2639 1284 2699 enim
1314 2636 1409 2702 facile

280 2737 388 2822 potuit
409 2737 545 2802 exidere.

366 2839 490 2905 Deinde
513 2838 577 2904 alia
599 2839 638 2904 de
659 2841 764 2902 morte
786 2838 990 2922 imperatoris
1017 2837 1104 2903 foma
1125 2839 1260 2906 effertur
1282 2840 1314 2926 (ξ
1339 2842 1408 2926 14);

280 2944 348 3005 Atii
367 2945 474 3007 tienne
499 2945 647 3008 Valentem
669 2944 801 3006 enimam
821 2961 881 3005 non
903 2944 1055 3005 entcimse
1076 2945 1243 3020 confestim,
1273 2946 1324 3005 sect
1346 2964 1411 3010 enm

281 3049 449 3110 condideris
470 3055 498 3108 et
519 3046 699 3122 spodcnrins
716 3047 825 3122 pomcis
841 3064 936 3122 prope
957 3047 998 3107 cd
1014 3056 1157 3124 cprestem
1171 3065 1271 3109 casnm
1283 3050 1411 3112 reintnm

280 3152 409 3214 seetmdo
431 3150 649 3227 contipnctione
664 3150 755 3226 sobre
776 3151 934 3221 mnnitcm,
965 3150 1037 3213 dnm
1055 3150 1178 3226 sonetur
1198 3152 1335 3213 monitus
1356 3153 1410 3215 im·

278 3256 400 3335 peritis,
428 3254 646 3316 circnmsessnm
667 3253 704 3314 ci
726 3253 855 3314 tostiim
878 3253 930 3327 qni
952 3261 1024 3315 esset
1044 3255 1253 3329 tpnormtnns
1275 3255 1410 3316 dedecore

280 3357 465 3433 captivitatis
497 3364 670 3432 encmptnm.
709 3352 817 3418 Etiam
848 3353 882 3416 in
912 3351 963 3416 his
994 3352 1102 3417 verbis
1132 3353 1283 3419 mendum
1305 3354 1409 3420 inesse

369 3579 388 3646 ¹)
405 3595 456 3647 pro
475 3580 555 3645 enim,
573 3576 650 3646 qnod
670 3578 833 3646 corruptum
849 3577 902 3640 est,
916 3575 1153 3645 Eyssenhardtius
1172 3577 1283 3648 scripsit
1300 3582 1409 3646 sensim,

281 3681 367 3734 quem
394 3663 585 3720 coniecturam
612 3661 743 3718 laudavit
766 3661 885 3717 Adolfns
911 3661 1054 3730 Kiessling
1077 3659 1182 3726 (nnnol.
1207 3661 1277 3731 phil.
1298 3664 1362 3720 1871
1381 3683 1408 3734 p.

280 3751 356 3819 495),
381 3749 411 3804 in
437 3749 565 3807 ordinem
590 3749 740 3803 verborum
764 3746 871 3817 recepit
896 3746 1136 3802 Gardthausenns.
1171 3746 1244 3802 Mihi
1263 3748 1335 3804 illud
1353 3766 1409 3804 non

280 3836 421 3906 probavit,
440 3851 531 3905 neque
550 3833 626 3890 enim
644 3833 800 3903 praedones
813 3832 858 3887 illi
872 3849 937 3887 cum
951 3832 1122 3902 arrepserint
1134 3833 1238 3887 sensim
1249 3833 1408 3889 iacentibus

282 3922 438 3986 adsistunt,
466 3921 554 3976 immo
581 3919 684 3974 subito.
720 3917 801 3984 ouon
818 3920 926 3973 certum
945 3917 996 3984 sit,
1021 3936 1078 3974 non
1095 3917 1195 3972 habeo.
1231 3918 1360 3974 Fortasse
1378 3918 1409 3973 id

281 4007 357 4078 quod
374 4008 405 4063 in
423 4004 502 4062 codd.
522 4003 628 4074 legitur
645 4002 811 4059 mutilatum
836 4005 878 4058 est
904 4019 938 4066 er
956 4005 1162 4072 einsmodi,
1187 4003 1222 4058 cf.
1241 4021 1264 4059 e.
1283 4023 1324 4076 gr.
1343 4004 1408 4059 XXI

279 4095 305 4162 4,
323 4094 340 4148 8
358 4096 429 4149 nnn
446 4100 591 4150 metuentes
608 4094 692 4146 imino
713 4093 794 4145 modi.
