<?xml version="1.0" encoding="UTF-8"?>
<!DOCTYPE html PUBLIC "-//W3C//DTD XHTML 1.0 Transitional//EN"
    "http://www.w3.org/TR/xhtml1/DTD/xhtml1-transitional.dtd">
<html xmlns="http://www.w3.org/1999/xhtml" xml:lang="en" lang="en">
 <head>
  <title>
</title>
<meta http-equiv="Content-Type" content="text/html;charset=utf-8" />
  <meta name='ocr-system' content='tesseract 3.04.00' />
  <meta name='ocr-capabilities' content='ocr_page ocr_carea ocr_par ocr_line ocrx_word'/>
</head>
<body>
  <div class='ocr_page' id='page_1' title='image "./quaestionesammi00gngoog_0053.png"; bbox 0 0 3308 4934; ppageno 0'>
   <div class='ocr_carea' id='block_1_1' title="bbox 754 362 962 421">
    <p class='ocr_par' dir='ltr' id='par_1_1' title="bbox 754 362 962 421">
     <span class='ocr_line' id='line_1_1' title="bbox 754 362 962 421; baseline -0.01 -19"><span class='ocrx_word' id='word_1_1' title='bbox 754 362 962 421; x_wconf 75' lang='grc'>,44-</span> 
     </span>
    </p>
   </div>
   <div class='ocr_carea' id='block_1_2' title="bbox 293 543 1423 1147">
    <p class='ocr_par' dir='ltr' id='par_1_2' title="bbox 293 543 1423 1147">
     <span class='ocr_line' id='line_1_2' title="bbox 294 543 1423 621; baseline 0.003 -17"><span class='ocrx_word' id='word_1_2' title='bbox 294 543 424 604; x_wconf 81' lang='lat' dir='ltr'>tendant</span> <span class='ocrx_word' id='word_1_3' title='bbox 440 547 535 619; x_wconf 76' lang='lat' dir='ltr'>partu</span> <span class='ocrx_word' id='word_1_4' title='bbox 561 546 730 620; x_wconf 75' lang='lat' dir='ltr'>repetatne</span> <span class='ocrx_word' id='word_1_5' title='bbox 755 546 922 620; x_wconf 76' lang='lat' dir='ltr'>principun</span> <span class='ocrx_word' id='word_1_6' title='bbox 950 546 1057 619; x_wconf 76' lang='lat' dir='ltr'>ubique</span> <span class='ocrx_word' id='word_1_7' title='bbox 1087 547 1232 606; x_wconf 77' lang='lat' dir='ltr'>nidorem.</span> <span class='ocrx_word' id='word_1_8' title='bbox 1277 543 1423 621; x_wconf 74' lang='lat' dir='ltr'>Quorum</span> 
     </span>
     <span class='ocr_line' id='line_1_3' title="bbox 294 644 1423 713; baseline 0.004 -5"><span class='ocrx_word' id='word_1_9' title='bbox 294 644 466 709; x_wconf 85' lang='lat' dir='ltr'>verborum</span> <span class='ocrx_word' id='word_1_10' title='bbox 497 646 656 711; x_wconf 88' lang='lat' dir='ltr'>sententia</span> <span class='ocrx_word' id='word_1_11' title='bbox 686 646 753 711; x_wconf 88' lang='lat' dir='ltr'>fere</span> <span class='ocrx_word' id='word_1_12' title='bbox 785 647 864 712; x_wconf 87' lang='lat' dir='ltr'>haec</span> <span class='ocrx_word' id='word_1_13' title='bbox 895 668 963 710; x_wconf 81' lang='lat' dir='ltr'>erse</span> <span class='ocrx_word' id='word_1_14' title='bbox 987 647 1099 711; x_wconf 89' lang='lat' dir='ltr'>debet:</span> <span class='ocrx_word' id='word_1_15' title='bbox 1132 667 1204 712; x_wconf 90' lang='lat' dir='ltr'>cum</span> <span class='ocrx_word' id='word_1_16' title='bbox 1227 647 1322 713; x_wconf 90' lang='lat' dir='ltr'>bellis</span> <span class='ocrx_word' id='word_1_17' title='bbox 1341 647 1423 712; x_wconf 84' lang='lat' dir='ltr'>victi</span> 
     </span>
     <span class='ocr_line' id='line_1_4' title="bbox 295 748 1421 836; baseline 0.001 -23"><span class='ocrx_word' id='word_1_18' title='bbox 295 752 327 813; x_wconf 91' lang='lat' dir='ltr'>et</span> <span class='ocrx_word' id='word_1_19' title='bbox 348 749 498 836; x_wconf 80' lang='lat' dir='ltr'>naufragi</span> <span class='ocrx_word' id='word_1_20' title='bbox 520 753 628 814; x_wconf 89' lang='lat' dir='ltr'>tamen</span> <span class='ocrx_word' id='word_1_21' title='bbox 650 748 772 834; x_wconf 87' lang='lat' dir='ltr'>proelia</span> <span class='ocrx_word' id='word_1_22' title='bbox 794 751 960 834; x_wconf 90' lang='lat' dir='ltr'>mariaque</span> <span class='ocrx_word' id='word_1_23' title='bbox 983 753 1146 833; x_wconf 74' lang='lat' dir='ltr'>repetant,</span> <span class='ocrx_word' id='word_1_24' title='bbox 1171 755 1293 835; x_wconf 88' lang='lat' dir='ltr'>quanto</span> <span class='ocrx_word' id='word_1_25' title='bbox 1317 751 1421 836; x_wconf 83' lang='lat' dir='ltr'>magis</span> 
     </span>
     <span class='ocr_line' id='line_1_5' title="bbox 297 850 1421 938; baseline 0.002 -22"><span class='ocrx_word' id='word_1_26' title='bbox 297 853 494 918; x_wconf 87' lang='lat' dir='ltr'>excusandus</span> <span class='ocrx_word' id='word_1_27' title='bbox 517 857 566 917; x_wconf 90' lang='lat' dir='ltr'>est</span> <span class='ocrx_word' id='word_1_28' title='bbox 588 850 740 931; x_wconf 83' lang='lat' dir='ltr'>Iulianus,</span> <span class='ocrx_word' id='word_1_29' title='bbox 760 854 815 938; x_wconf 92' lang='lat' dir='ltr'>qui</span> <span class='ocrx_word' id='word_1_30' title='bbox 837 853 956 937; x_wconf 87' lang='lat' dir='ltr'>ubique</span> <span class='ocrx_word' id='word_1_31' title='bbox 978 853 1082 918; x_wconf 87' lang='lat' dir='ltr'>victor</span> <span class='ocrx_word' id='word_1_32' title='bbox 1098 876 1197 919; x_wconf 85' lang='lat' dir='ltr'>novas</span> <span class='ocrx_word' id='word_1_33' title='bbox 1210 854 1421 920; x_wconf 81' lang='lat' dir='ltr'>victoriarum</span> 
     </span>
     <span class='ocr_line' id='line_1_6' title="bbox 294 955 1420 1042; baseline 0.002 -22"><span class='ocrx_word' id='word_1_34' title='bbox 294 955 419 1039; x_wconf 90' lang='lat' dir='ltr'>palmas</span> <span class='ocrx_word' id='word_1_35' title='bbox 440 956 572 1040; x_wconf 83' lang='lat' dir='ltr'>adsequi</span> <span class='ocrx_word' id='word_1_36' title='bbox 594 956 753 1020; x_wconf 77' lang='lat' dir='ltr'>studeret!</span> <span class='ocrx_word' id='word_1_37' title='bbox 784 955 871 1032; x_wconf 84' lang='lat' dir='ltr'>Quae</span> <span class='ocrx_word' id='word_1_38' title='bbox 885 957 1043 1022; x_wconf 89' lang='lat' dir='ltr'>sententia</span> <span class='ocrx_word' id='word_1_39' title='bbox 1062 979 1125 1042; x_wconf 87' lang='lat' dir='ltr'>quo</span> <span class='ocrx_word' id='word_1_40' title='bbox 1148 956 1266 1022; x_wconf 89' lang='lat' dir='ltr'>clarius</span> <span class='ocrx_word' id='word_1_41' title='bbox 1286 957 1420 1038; x_wconf 88' lang='lat' dir='ltr'>eluceat,</span> 
     </span>
     <span class='ocr_line' id='line_1_7' title="bbox 293 1057 1421 1147; baseline 0.004 -25"><span class='ocrx_word' id='word_1_42' title='bbox 293 1057 374 1122; x_wconf 91' lang='lat' dir='ltr'>rnihi</span> <span class='ocrx_word' id='word_1_43' title='bbox 395 1066 465 1122; x_wconf 85' lang='lat' dir='ltr'>sunt</span> <span class='ocrx_word' id='word_1_44' title='bbox 485 1059 520 1123; x_wconf 91' lang='lat' dir='ltr'>in</span> <span class='ocrx_word' id='word_1_45' title='bbox 541 1063 626 1122; x_wconf 80' lang='lat' dir='ltr'>atat</span> <span class='ocrx_word' id='word_1_46' title='bbox 647 1059 834 1123; x_wconf 89' lang='lat' dir='ltr'>mutandum</span> <span class='ocrx_word' id='word_1_47' title='bbox 866 1081 934 1124; x_wconf 90' lang='lat' dir='ltr'>esse</span> <span class='ocrx_word' id='word_1_48' title='bbox 956 1060 1083 1124; x_wconf 88' lang='lat' dir='ltr'>videtur</span> <span class='ocrx_word' id='word_1_49' title='bbox 1105 1061 1138 1144; x_wconf 93' lang='lat' dir='ltr'>(i.</span> <span class='ocrx_word' id='word_1_50' title='bbox 1159 1083 1186 1125; x_wconf 89' lang='lat' dir='ltr'>e.</span> <span class='ocrx_word' id='word_1_51' title='bbox 1213 1061 1270 1138; x_wconf 84' lang='lat' dir='ltr'>„da</span> <span class='ocrx_word' id='word_1_52' title='bbox 1292 1081 1421 1147; x_wconf 85' lang='lat' dir='ltr'>mages</span> 
     </span>
    </p>
   </div>
   <div class='ocr_carea' id='block_1_3' title="bbox 293 1160 1530 1252">
    <p class='ocr_par' dir='ltr' id='par_1_3' title="bbox 293 1160 1530 1252">
     <span class='ocr_line' id='line_1_8' title="bbox 293 1160 1530 1252; baseline 0.002 -26"><span class='ocrx_word' id='word_1_53' title='bbox 293 1161 464 1226; x_wconf 88' lang='lat' dir='ltr'>immerhin</span> <span class='ocrx_word' id='word_1_54' title='bbox 487 1160 587 1226; x_wconf 89' lang='lat' dir='ltr'>Leute</span> <span class='ocrx_word' id='word_1_55' title='bbox 609 1162 723 1247; x_wconf 82' lang='lat' dir='ltr'>geben,</span> <span class='ocrx_word' id='word_1_56' title='bbox 748 1161 869 1227; x_wconf 81' lang='lat' dir='ltr'>welche</span> <span class='ocrx_word' id='word_1_57' title='bbox 891 1164 997 1247; x_wconf 80' lang='lat' dir='ltr'>etc‘).</span> <span class='ocrx_word' id='word_1_58' title='bbox 1035 1161 1230 1252; x_wconf 81' lang='lat' dir='ltr'>Indicatirns</span> <span class='ocrx_word' id='word_1_59' title='bbox 1246 1164 1293 1228; x_wconf 91' lang='lat' dir='ltr'>ita</span> <span class='ocrx_word' id='word_1_60' title='bbox 1314 1163 1422 1229; x_wconf 89' lang='lat' dir='ltr'>solum</span> <span class='ocrx_word' id='word_1_61' title='bbox 1526 1163 1530 1172; x_wconf 89' lang='lat'>&#39;</span> 
     </span>
    </p>
   </div>
   <div class='ocr_carea' id='block_1_4' title="bbox 256 1264 1422 1557">
    <p class='ocr_par' dir='ltr' id='par_1_4' title="bbox 256 1264 1422 1557">
     <span class='ocr_line' id='line_1_9' title="bbox 294 1264 1421 1352; baseline 0 -22"><span class='ocrx_word' id='word_1_62' title='bbox 294 1264 448 1348; x_wconf 86' lang='lat' dir='ltr'>explicari</span> <span class='ocrx_word' id='word_1_63' title='bbox 471 1268 588 1348; x_wconf 88' lang='lat' dir='ltr'>posset,</span> <span class='ocrx_word' id='word_1_64' title='bbox 612 1268 648 1328; x_wconf 91' lang='lat' dir='ltr'>ut</span> <span class='ocrx_word' id='word_1_65' title='bbox 671 1272 755 1330; x_wconf 88' lang='lat' dir='ltr'>esset</span> <span class='ocrx_word' id='word_1_66' title='bbox 777 1266 967 1330; x_wconf 76' lang='lat' dir='ltr'>exclamatio</span> <span class='ocrx_word' id='word_1_67' title='bbox 985 1267 1215 1352; x_wconf 81' lang='lat' dir='ltr'>indignationis</span> <span class='ocrx_word' id='word_1_68' title='bbox 1233 1266 1329 1350; x_wconf 88' lang='lat' dir='ltr'>plena</span> <span class='ocrx_word' id='word_1_69' title='bbox 1344 1266 1421 1350; x_wconf 89' lang='lat' dir='ltr'>(„da</span> 
     </span>
     <span class='ocr_line' id='line_1_10' title="bbox 256 1367 1420 1453; baseline 0.002 -21"><span class='ocrx_word' id='word_1_70' title='bbox 256 1399 258 1404; x_wconf 95' lang='lat'>·</span> <span class='ocrx_word' id='word_1_71' title='bbox 294 1367 384 1452; x_wconf 74' lang='lat' dir='ltr'>gicht</span> <span class='ocrx_word' id='word_1_72' title='bbox 415 1389 448 1432; x_wconf 92' lang='lat' dir='ltr'>es</span> <span class='ocrx_word' id='word_1_73' title='bbox 476 1367 560 1432; x_wconf 89' lang='lat' dir='ltr'>noch</span> <span class='ocrx_word' id='word_1_74' title='bbox 584 1367 700 1448; x_wconf 84' lang='lat' dir='ltr'>Lente,</span> <span class='ocrx_word' id='word_1_75' title='bbox 729 1368 851 1434; x_wconf 84' lang='lat' dir='ltr'>welche</span> <span class='ocrx_word' id='word_1_76' title='bbox 878 1371 990 1453; x_wconf 84' lang='lat' dir='ltr'>ato.“),</span> <span class='ocrx_word' id='word_1_77' title='bbox 1018 1370 1074 1434; x_wconf 90' lang='lat' dir='ltr'>sed</span> <span class='ocrx_word' id='word_1_78' title='bbox 1096 1392 1132 1434; x_wconf 87' lang='lat' dir='ltr'>ea</span> <span class='ocrx_word' id='word_1_79' title='bbox 1155 1391 1220 1434; x_wconf 91' lang='lat' dir='ltr'>non</span> <span class='ocrx_word' id='word_1_80' title='bbox 1242 1369 1336 1434; x_wconf 92' lang='lat' dir='ltr'>modo</span> <span class='ocrx_word' id='word_1_81' title='bbox 1359 1370 1420 1434; x_wconf 93' lang='lat' dir='ltr'>ob-</span> 
     </span>
     <span class='ocr_line' id='line_1_11' title="bbox 293 1471 1422 1557; baseline 0.003 -22"><span class='ocrx_word' id='word_1_82' title='bbox 293 1472 416 1536; x_wconf 90' lang='lat' dir='ltr'>scurius</span> <span class='ocrx_word' id='word_1_83' title='bbox 448 1493 598 1555; x_wconf 85' lang='lat' dir='ltr'>expressa</span> <span class='ocrx_word' id='word_1_84' title='bbox 630 1477 713 1537; x_wconf 89' lang='lat' dir='ltr'>esset</span> <span class='ocrx_word' id='word_1_85' title='bbox 744 1494 840 1557; x_wconf 92' lang='lat' dir='ltr'>quam</span> <span class='ocrx_word' id='word_1_86' title='bbox 867 1477 903 1536; x_wconf 91' lang='lat' dir='ltr'>ut</span> <span class='ocrx_word' id='word_1_87' title='bbox 939 1473 1033 1538; x_wconf 87' lang='lat' dir='ltr'>facile</span> <span class='ocrx_word' id='word_1_88' title='bbox 1068 1471 1327 1557; x_wconf 79' lang='lat' dir='ltr'>intellegeretur,</span> <span class='ocrx_word' id='word_1_89' title='bbox 1364 1471 1422 1538; x_wconf 88' lang='lat' dir='ltr'>sed</span> 
     </span>
    </p>
   </div>
   <div class='ocr_carea' id='block_1_5' title="bbox 292 1576 1489 1744">
    <p class='ocr_par' dir='ltr' id='par_1_5' title="bbox 292 1576 1489 1744">
     <span class='ocr_line' id='line_1_12' title="bbox 292 1576 1489 1661; baseline -0.001 -22"><span class='ocrx_word' id='word_1_90' title='bbox 292 1595 332 1639; x_wconf 91' lang='lat' dir='ltr'>ne</span> <span class='ocrx_word' id='word_1_91' title='bbox 368 1576 538 1659; x_wconf 81' lang='lat' dir='ltr'>quadraret</span> <span class='ocrx_word' id='word_1_92' title='bbox 574 1576 702 1661; x_wconf 86' lang='lat' dir='ltr'>quidem</span> <span class='ocrx_word' id='word_1_93' title='bbox 735 1576 774 1640; x_wconf 89' lang='lat' dir='ltr'>ad</span> <span class='ocrx_word' id='word_1_94' title='bbox 810 1597 847 1640; x_wconf 86' lang='lat' dir='ltr'>ea</span> <span class='ocrx_word' id='word_1_95' title='bbox 882 1576 979 1641; x_wconf 87' lang='lat' dir='ltr'>verba</span> <span class='ocrx_word' id='word_1_96' title='bbox 1019 1597 1101 1660; x_wconf 90' lang='lat' dir='ltr'>quae</span> <span class='ocrx_word' id='word_1_97' title='bbox 1132 1576 1324 1641; x_wconf 88' lang='lat' dir='ltr'>antecedunt</span> <span class='ocrx_word' id='word_1_98' title='bbox 1354 1595 1422 1638; x_wconf 80' lang='lat' dir='ltr'>anna</span> <span class='ocrx_word' id='word_1_99' title='bbox 1488 1634 1489 1638; x_wconf 75' lang='grc'>,</span> 
     </span>
     <span class='ocr_line' id='line_1_13' title="bbox 292 1681 501 1744; baseline 0.019 -4"><span class='ocrx_word' id='word_1_100' title='bbox 292 1681 419 1741; x_wconf 76' lang='lat' dir='ltr'>satanas</span> <span class='ocrx_word' id='word_1_101' title='bbox 442 1681 501 1744; x_wconf 90' lang='lat' dir='ltr'>eto.</span> 
     </span>
    </p>
   </div>
   <div class='ocr_carea' id='block_1_6' title="bbox 235 1885 1420 3415">
    <p class='ocr_par' dir='ltr' id='par_1_6' title="bbox 235 1885 1420 3415">
     <span class='ocr_line' id='line_1_14' title="bbox 302 1885 1419 1964; baseline -0.005 -10"><span class='ocrx_word' id='word_1_102' title='bbox 302 1934 303 1938; x_wconf 54' lang='lat'><em>=</em></span> <span class='ocrx_word' id='word_1_103' title='bbox 377 1885 454 1954; x_wconf 76' lang='lat' dir='ltr'>XXV</span> <span class='ocrx_word' id='word_1_104' title='bbox 477 1894 505 1963; x_wconf 80' lang='lat'>6,</span> <span class='ocrx_word' id='word_1_105' title='bbox 531 1892 559 1950; x_wconf 85' lang='lat'>2.</span> <span class='ocrx_word' id='word_1_106' title='bbox 599 1887 730 1948; x_wconf 74' lang='lat' dir='ltr'>Proinde</span> <span class='ocrx_word' id='word_1_107' title='bbox 760 1889 858 1964; x_wconf 74' lang='lat' dir='ltr'>eyrede&#39;</span> <span class='ocrx_word' id='word_1_108' title='bbox 888 1889 950 1948; x_wconf 80' lang='lat' dir='ltr'>tan</span> <span class='ocrx_word' id='word_1_109' title='bbox 981 1892 1142 1962; x_wconf 81' lang='lat' dir='ltr'>coaptantes</span> <span class='ocrx_word' id='word_1_110' title='bbox 1164 1889 1345 1951; x_wconf 68' lang='lat' dir='ltr'>adorimur</span> <span class='ocrx_word' id='word_1_111' title='bbox 1365 1905 1419 1949; x_wconf 87' lang='lat' dir='ltr'>nos</span> 
     </span>
     <span class='ocr_line' id='line_1_15' title="bbox 295 1991 1417 2066; baseline 0 -16"><span class='ocrx_word' id='word_1_112' title='bbox 295 1991 455 2066; x_wconf 77' lang='lat' dir='ltr'>elephantis</span> <span class='ocrx_word' id='word_1_113' title='bbox 483 1991 615 2066; x_wconf 80' lang='lat' dir='ltr'>praevtis</span> <span class='ocrx_word' id='word_1_114' title='bbox 647 1992 773 2061; x_wconf 81' lang='lat' dir='ltr'>Persae,</span> <span class='ocrx_word' id='word_1_115' title='bbox 807 1992 848 2050; x_wconf 87' lang='lat' dir='ltr'>ad</span> <span class='ocrx_word' id='word_1_116' title='bbox 881 2009 1005 2065; x_wconf 73' lang='lat' dir='ltr'>annun</span> <span class='ocrx_word' id='word_1_117' title='bbox 1029 1991 1186 2066; x_wconf 81' lang='lat' dir='ltr'>srernr&#39;tnna</span> <span class='ocrx_word' id='word_1_118' title='bbox 1218 2009 1417 2065; x_wconf 76' lang='lat' dir='ltr'>accessuraque</span> 
     </span>
     <span class='ocr_line' id='line_1_16' title="bbox 293 2092 1415 2168; baseline 0 -16"><span class='ocrx_word' id='word_1_119' title='bbox 293 2095 452 2154; x_wconf 82' lang='lat' dir='ltr'>terrtbttcrn</span> <span class='ocrx_word' id='word_1_120' title='bbox 481 2096 564 2168; x_wconf 77' lang='lat' dir='ltr'>conis</span> <span class='ocrx_word' id='word_1_121' title='bbox 594 2097 672 2153; x_wconf 82' lang='lat' dir='ltr'>u‘ntcr</span> <span class='ocrx_word' id='word_1_122' title='bbox 693 2095 784 2154; x_wconf 81' lang='lat' dir='ltr'>tntta&#39;a</span> <span class='ocrx_word' id='word_1_123' title='bbox 814 2095 989 2155; x_wconf 80' lang='lat' dir='ltr'>turbattset</span> <span class='ocrx_word' id='word_1_124' title='bbox 1019 2092 1095 2155; x_wconf 78' lang='lat' dir='ltr'>airis</span> <span class='ocrx_word' id='word_1_125' title='bbox 1116 2096 1235 2155; x_wconf 78' lang='lat' dir='ltr'>laudant</span> <span class='ocrx_word' id='word_1_126' title='bbox 1258 2100 1285 2154; x_wconf 89' lang='lat' dir='ltr'>et</span> <span class='ocrx_word' id='word_1_127' title='bbox 1306 2095 1415 2157; x_wconf 85' lang='lat' dir='ltr'>Hercu-</span> 
     </span>
     <span class='ocr_line' id='line_1_17' title="bbox 293 2197 1416 2272; baseline -0.002 -16"><span class='ocrx_word' id='word_1_128' title='bbox 293 2197 370 2257; x_wconf 83' lang='lat' dir='ltr'>h‘ana&#39;</span> <span class='ocrx_word' id='word_1_129' title='bbox 405 2198 506 2258; x_wconf 74' lang='lat' dir='ltr'>oensis</span> <span class='ocrx_word' id='word_1_130' title='bbox 538 2198 631 2256; x_wconf 77' lang='lat' dir='ltr'>betula</span> <span class='ocrx_word' id='word_1_131' title='bbox 656 2199 764 2271; x_wconf 76' lang='lat' dir='ltr'>pauens</span> <span class='ocrx_word' id='word_1_132' title='bbox 794 2198 992 2272; x_wconf 79' lang='lat' dir='ltr'>cataphractis</span> <span class='ocrx_word' id='word_1_133' title='bbox 1022 2198 1168 2271; x_wconf 79' lang='lat' dir='ltr'>ean&#39;ta’bus</span> <span class='ocrx_word' id='word_1_134' title='bbox 1198 2200 1306 2259; x_wconf 79' lang='lat' dir='ltr'>acriter</span> <span class='ocrx_word' id='word_1_135' title='bbox 1335 2198 1416 2258; x_wconf 85' lang='lat' dir='ltr'>restt·</span> 
     </span>
     <span class='ocr_line' id='line_1_18' title="bbox 294 2296 1417 2382; baseline 0.004 -24"><span class='ocrx_word' id='word_1_136' title='bbox 294 2304 400 2362; x_wconf 85' lang='lat' dir='ltr'>terunt.</span> <span class='ocrx_word' id='word_1_137' title='bbox 444 2296 496 2363; x_wconf 83' lang='lat' dir='ltr'>Sic</span> <span class='ocrx_word' id='word_1_138' title='bbox 519 2298 591 2362; x_wconf 89' lang='lat' dir='ltr'>inde</span> <span class='ocrx_word' id='word_1_139' title='bbox 614 2320 632 2362; x_wconf 87' lang='lat' dir='ltr'>a</span> <span class='ocrx_word' id='word_1_140' title='bbox 655 2297 752 2361; x_wconf 91' lang='lat' dir='ltr'>Petro</span> <span class='ocrx_word' id='word_1_141' title='bbox 777 2297 916 2362; x_wconf 80' lang='lat' dir='ltr'>Castalio</span> <span class='ocrx_word' id='word_1_142' title='bbox 939 2297 1077 2382; x_wconf 81' lang='lat' dir='ltr'>legitur3</span> <span class='ocrx_word' id='word_1_143' title='bbox 1091 2299 1139 2362; x_wconf 67' lang='lat' dir='ltr'>»in</span> <span class='ocrx_word' id='word_1_144' title='bbox 1161 2297 1207 2363; x_wconf 91' lang='lat' dir='ltr'>V⁰</span> <span class='ocrx_word' id='word_1_145' title='bbox 1229 2303 1336 2364; x_wconf 89' lang='lat' dir='ltr'>autem</span> <span class='ocrx_word' id='word_1_146' title='bbox 1359 2319 1417 2382; x_wconf 87' lang='lat' dir='ltr'>pro</span> 
     </span>
     <span class='ocr_line' id='line_1_19' title="bbox 285 2401 1418 2480; baseline 0.003 -17"><span class='ocrx_word' id='word_1_147' title='bbox 285 2403 442 2478; x_wconf 80' lang='lat' dir='ltr'>frundun</span> <span class='ocrx_word' id='word_1_148' title='bbox 464 2419 665 2478; x_wconf 71' lang='lat' dir='ltr'>aerumnaque</span> <span class='ocrx_word' id='word_1_149' title='bbox 687 2405 775 2466; x_wconf 82' lang='lat' dir='ltr'>extat</span> <span class='ocrx_word' id='word_1_150' title='bbox 789 2405 924 2480; x_wconf 83' lang='lat' dir='ltr'>fraduna</span> <span class='ocrx_word' id='word_1_151' title='bbox 941 2405 1184 2478; x_wconf 75' lang='lat' dir='ltr'>tnaocessnnqne.</span> <span class='ocrx_word' id='word_1_152' title='bbox 1216 2401 1303 2477; x_wconf 78' lang='lat' dir='ltr'>Quae</span> <span class='ocrx_word' id='word_1_153' title='bbox 1321 2401 1418 2466; x_wconf 92' lang='lat' dir='ltr'>lectio</span> 
     </span>
     <span class='ocr_line' id='line_1_20' title="bbox 292 2502 1419 2589; baseline 0.002 -21"><span class='ocrx_word' id='word_1_154' title='bbox 292 2505 480 2588; x_wconf 85' lang='lat' dir='ltr'>praesertim</span> <span class='ocrx_word' id='word_1_155' title='bbox 504 2525 576 2569; x_wconf 91' lang='lat' dir='ltr'>cum</span> <span class='ocrx_word' id='word_1_156' title='bbox 599 2503 757 2569; x_wconf 89' lang='lat' dir='ltr'>similibus</span> <span class='ocrx_word' id='word_1_157' title='bbox 780 2504 859 2568; x_wconf 85' lang='lat' dir='ltr'>locis</span> <span class='ocrx_word' id='word_1_158' title='bbox 887 2503 941 2589; x_wconf 81' lang='lat' dir='ltr'>(cf.</span> <span class='ocrx_word' id='word_1_159' title='bbox 965 2503 1044 2568; x_wconf 89' lang='lat' dir='ltr'>XIX</span> <span class='ocrx_word' id='word_1_160' title='bbox 1068 2512 1096 2583; x_wconf 82' lang='lat'>7,</span> <span class='ocrx_word' id='word_1_161' title='bbox 1123 2514 1158 2582; x_wconf 88' lang='grc'>6;</span> <span class='ocrx_word' id='word_1_162' title='bbox 1190 2502 1285 2568; x_wconf 86' lang='lat' dir='ltr'>XXV</span> <span class='ocrx_word' id='word_1_163' title='bbox 1310 2513 1336 2582; x_wconf 91' lang='lat' dir='ltr'>l,</span> <span class='ocrx_word' id='word_1_164' title='bbox 1363 2512 1419 2582; x_wconf 79' lang='lat'>143</span> 
     </span>
     <span class='ocr_line' id='line_1_21' title="bbox 292 2605 1420 2692; baseline -0.005 -16"><span class='ocrx_word' id='word_1_165' title='bbox 292 2616 322 2685; x_wconf 82' lang='lat'>3,</span> <span class='ocrx_word' id='word_1_166' title='bbox 345 2615 382 2685; x_wconf 81' lang='lat'>4;</span> <span class='ocrx_word' id='word_1_167' title='bbox 407 2615 436 2686; x_wconf 85' lang='lat'>3,</span> <span class='ocrx_word' id='word_1_168' title='bbox 462 2615 518 2685; x_wconf 89' lang='lat'>11;</span> <span class='ocrx_word' id='word_1_169' title='bbox 541 2605 670 2672; x_wconf 77' lang='lat' dir='ltr'>Curtius</span> <span class='ocrx_word' id='word_1_170' title='bbox 692 2605 772 2671; x_wconf 84' lang='lat' dir='ltr'>VIII</span> <span class='ocrx_word' id='word_1_171' title='bbox 795 2616 845 2686; x_wconf 80' lang='lat'>45,</span> <span class='ocrx_word' id='word_1_172' title='bbox 873 2617 927 2686; x_wconf 87' lang='lat'>10;</span> <span class='ocrx_word' id='word_1_173' title='bbox 949 2606 1099 2672; x_wconf 79' lang='lat' dir='ltr'>Florusl</span> <span class='ocrx_word' id='word_1_174' title='bbox 1124 2609 1174 2692; x_wconf 81' lang='lat'>13)</span> <span class='ocrx_word' id='word_1_175' title='bbox 1198 2629 1261 2671; x_wconf 91' lang='lat' dir='ltr'>non</span> <span class='ocrx_word' id='word_1_176' title='bbox 1276 2612 1420 2686; x_wconf 77' lang='lat' dir='ltr'>fremitus</span> 
     </span>
     <span class='ocr_line' id='line_1_22' title="bbox 291 2710 1418 2796; baseline 0 -22"><span class='ocrx_word' id='word_1_177' title='bbox 291 2712 346 2775; x_wconf 88' lang='lat' dir='ltr'>sod</span> <span class='ocrx_word' id='word_1_178' title='bbox 368 2714 478 2774; x_wconf 76' lang='lat' dir='ltr'>stridor</span> <span class='ocrx_word' id='word_1_179' title='bbox 501 2710 745 2794; x_wconf 88' lang='lat' dir='ltr'>elephantorum</span> <span class='ocrx_word' id='word_1_180' title='bbox 768 2717 1045 2790; x_wconf 87' lang='lat' dir='ltr'>commemoretur,</span> <span class='ocrx_word' id='word_1_181' title='bbox 1060 2734 1119 2776; x_wconf 88' lang='lat' dir='ltr'>nos</span> <span class='ocrx_word' id='word_1_182' title='bbox 1138 2734 1176 2776; x_wconf 92' lang='lat' dir='ltr'>eo</span> <span class='ocrx_word' id='word_1_183' title='bbox 1193 2712 1302 2796; x_wconf 89' lang='lat' dir='ltr'>potius</span> <span class='ocrx_word' id='word_1_184' title='bbox 1319 2711 1418 2776; x_wconf 89' lang='lat' dir='ltr'>dedu·</span> 
     </span>
     <span class='ocr_line' id='line_1_23' title="bbox 292 2814 1418 2900; baseline 0.002 -23"><span class='ocrx_word' id='word_1_185' title='bbox 292 2835 363 2880; x_wconf 89' lang='lat' dir='ltr'>cere</span> <span class='ocrx_word' id='word_1_186' title='bbox 385 2814 524 2893; x_wconf 86' lang='lat' dir='ltr'>videtur,</span> <span class='ocrx_word' id='word_1_187' title='bbox 554 2819 590 2879; x_wconf 86' lang='lat' dir='ltr'>ut</span> <span class='ocrx_word' id='word_1_188' title='bbox 612 2837 671 2900; x_wconf 92' lang='lat' dir='ltr'>pro</span> <span class='ocrx_word' id='word_1_189' title='bbox 686 2819 821 2893; x_wconf 79' lang='lat' dir='ltr'>fractane</span> <span class='ocrx_word' id='word_1_190' title='bbox 842 2816 877 2880; x_wconf 84' lang='lat' dir='ltr'>a&#39;n</span> <span class='ocrx_word' id='word_1_191' title='bbox 899 2815 1105 2880; x_wconf 89' lang='lat' dir='ltr'>restituamus</span> <span class='ocrx_word' id='word_1_192' title='bbox 1121 2819 1333 2893; x_wconf 83' lang='lat' dir='ltr'>factorem.</span> <span class='ocrx_word' id='word_1_193' title='bbox 1377 2814 1418 2880; x_wconf 88' lang='lat' dir='ltr'>cf.</span> 
     </span>
     <span class='ocr_line' id='line_1_24' title="bbox 292 2916 1420 2998; baseline -0.002 -17"><span class='ocrx_word' id='word_1_194' title='bbox 292 2916 386 2982; x_wconf 90' lang='lat' dir='ltr'>XXV</span> <span class='ocrx_word' id='word_1_195' title='bbox 403 2923 686 2998; x_wconf 64' lang='lat' dir='ltr'>urdenandum</span> <span class='ocrx_word' id='word_1_196' title='bbox 707 2921 861 2981; x_wconf 75' lang='lat' dir='ltr'>stridorem</span> <span class='ocrx_word' id='word_1_197' title='bbox 878 2921 1049 2995; x_wconf 75' lang='lat' dir='ltr'>odoremque</span> <span class='ocrx_word' id='word_1_198' title='bbox 1066 2927 1092 2982; x_wconf 93' lang='lat' dir='ltr'>et</span> <span class='ocrx_word' id='word_1_199' title='bbox 1109 2923 1256 2982; x_wconf 76' lang='lat' dir='ltr'>insuetum</span> <span class='ocrx_word' id='word_1_200' title='bbox 1273 2923 1420 2994; x_wconf 59' lang='lat' dir='ltr'>mentun</span> 
     </span>
     <span class='ocr_line' id='line_1_25' title="bbox 290 3023 1419 3100; baseline -0.001 -17"><span class='ocrx_word' id='word_1_201' title='bbox 290 3024 386 3100; x_wconf 78' lang='lat' dir='ltr'>napis</span> <span class='ocrx_word' id='word_1_202' title='bbox 407 3026 476 3099; x_wconf 78' lang='lat' dir='ltr'>eqni</span> <span class='ocrx_word' id='word_1_203' title='bbox 498 3026 700 3094; x_wconf 75' lang='lat' dir='ltr'>tenebamur,-</span> <span class='ocrx_word' id='word_1_204' title='bbox 724 3031 753 3099; x_wconf 86' lang='lat'>3,</span> <span class='ocrx_word' id='word_1_205' title='bbox 768 3030 788 3087; x_wconf 82' lang='grc'>4</span> <span class='ocrx_word' id='word_1_206' title='bbox 803 3025 950 3099; x_wconf 81' lang='lat' dir='ltr'>faetorem</span> <span class='ocrx_word' id='word_1_207' title='bbox 971 3024 1180 3098; x_wconf 74' lang='lat' dir='ltr'>stridoremque</span> <span class='ocrx_word' id='word_1_208' title='bbox 1202 3023 1419 3099; x_wconf 77' lang='lat' dir='ltr'>elephantorum</span> 
     </span>
     <span class='ocr_line' id='line_1_26' title="bbox 235 3123 1418 3218; baseline 0.005 -32"><span class='ocrx_word' id='word_1_209' title='bbox 235 3166 238 3172; x_wconf 93' lang='lat'>-</span> <span class='ocrx_word' id='word_1_210' title='bbox 290 3128 470 3218; x_wconf 70' lang='lat' dir='ltr'>tranatr&#39;enter</span> <span class='ocrx_word' id='word_1_211' title='bbox 500 3129 692 3189; x_wconf 76' lang='lat' dir='ltr'>tolerantibus</span> <span class='ocrx_word' id='word_1_212' title='bbox 722 3129 849 3197; x_wconf 52' lang='lat' dir='ltr'>nostru·</span> <span class='ocrx_word' id='word_1_213' title='bbox 886 3123 1011 3189; x_wconf 66' lang='lat' dir='ltr'>alost</span> <span class='ocrx_word' id='word_1_214' title='bbox 1045 3133 1082 3193; x_wconf 92' lang='grc'>13</span> <span class='ocrx_word' id='word_1_215' title='bbox 1112 3149 1142 3210; x_wconf 91' lang='lat' dir='ltr'>p.</span> <span class='ocrx_word' id='word_1_216' title='bbox 1174 3132 1212 3194; x_wconf 88' lang='grc'>23</span> <span class='ocrx_word' id='word_1_217' title='bbox 1244 3124 1291 3189; x_wconf 82' lang='lat' dir='ltr'>ed</span> <span class='ocrx_word' id='word_1_218' title='bbox 1321 3123 1418 3192; x_wconf 90' lang='lat' dir='ltr'>Jahn.</span> 
     </span>
     <span class='ocr_line' id='line_1_27' title="bbox 292 3227 1420 3313; baseline -0.004 -21"><span class='ocrx_word' id='word_1_219' title='bbox 292 3248 418 3304; x_wconf 78' lang='lat' dir='ltr'>quorun</span> <span class='ocrx_word' id='word_1_220' title='bbox 441 3228 521 3313; x_wconf 81' lang='lat' dir='ltr'>(scil.</span> <span class='ocrx_word' id='word_1_221' title='bbox 545 3227 803 3312; x_wconf 87' lang='lat' dir='ltr'>elephantorum)</span> <span class='ocrx_word' id='word_1_222' title='bbox 833 3247 897 3289; x_wconf 77' lang='lat' dir='ltr'>anna</span> <span class='ocrx_word' id='word_1_223' title='bbox 925 3232 1129 3307; x_wconf 77' lang='lat' dir='ltr'>napna&#39;tudtne</span> <span class='ocrx_word' id='word_1_224' title='bbox 1150 3236 1213 3293; x_wconf 81' lang='lat' dir='ltr'>tuan</span> <span class='ocrx_word' id='word_1_225' title='bbox 1234 3230 1420 3305; x_wconf 69' lang='lat' dir='ltr'>deformitate</span> 
     </span>
     <span class='ocr_line' id='line_1_28' title="bbox 292 3333 1241 3415; baseline 0.003 -23"><span class='ocrx_word' id='word_1_226' title='bbox 292 3339 318 3394; x_wconf 85' lang='lat' dir='ltr'>et</span> <span class='ocrx_word' id='word_1_227' title='bbox 338 3351 412 3394; x_wconf 88' lang='lat' dir='ltr'>noco</span> <span class='ocrx_word' id='word_1_228' title='bbox 434 3333 520 3394; x_wconf 86' lang='lat' dir='ltr'>odore</span> <span class='ocrx_word' id='word_1_229' title='bbox 541 3335 631 3394; x_wconf 79' lang='lat' dir='ltr'>strant</span> <span class='ocrx_word' id='word_1_230' title='bbox 645 3340 687 3393; x_wconf 80' lang='lat' dir='ltr'>&#39;ao</span> <span class='ocrx_word' id='word_1_231' title='bbox 708 3333 833 3392; x_wconf 80' lang='lat' dir='ltr'>stridore</span> <span class='ocrx_word' id='word_1_232' title='bbox 855 3334 1031 3395; x_wconf 73' lang='lat' dir='ltr'>emnnnati</span> <span class='ocrx_word' id='word_1_233' title='bbox 1053 3337 1121 3409; x_wconf 80' lang='lat' dir='ltr'>equa&#39;</span> <span class='ocrx_word' id='word_1_234' title='bbox 1144 3336 1203 3397; x_wconf 87' lang='lat' dir='ltr'>etc.</span> <span class='ocrx_word' id='word_1_235' title='bbox 1219 3334 1241 3415; x_wconf 76' lang='grc' dir='ltr'>ι)</span> 
     </span>
    </p>
   </div>
   <div class='ocr_carea' id='block_1_7' title="bbox 291 3537 1419 3724">
    <p class='ocr_par' dir='ltr' id='par_1_7' title="bbox 291 3537 1419 3724">
     <span class='ocr_line' id='line_1_29' title="bbox 376 3537 1419 3622; baseline -0.005 -15"><span class='ocrx_word' id='word_1_236' title='bbox 376 3537 463 3607; x_wconf 69' lang='lat' dir='ltr'>xxvi</span> <span class='ocrx_word' id='word_1_237' title='bbox 497 3546 525 3616; x_wconf 90' lang='grc'>6,</span> <span class='ocrx_word' id='word_1_238' title='bbox 551 3546 600 3607; x_wconf 87' lang='grc'>20.</span> <span class='ocrx_word' id='word_1_239' title='bbox 654 3537 845 3602; x_wconf 88' lang='lat' dir='ltr'>Ammianus</span> <span class='ocrx_word' id='word_1_240' title='bbox 876 3537 1027 3622; x_wconf 88' lang='lat' dir='ltr'>Procopii</span> <span class='ocrx_word' id='word_1_241' title='bbox 1062 3537 1257 3621; x_wconf 83' lang='lat' dir='ltr'>adipiscendi</span> <span class='ocrx_word' id='word_1_242' title='bbox 1291 3537 1419 3621; x_wconf 89' lang='lat' dir='ltr'>imperii</span> 
     </span>
     <span class='ocr_line' id='line_1_30' title="bbox 291 3639 1419 3724; baseline 0.001 -18"><span class='ocrx_word' id='word_1_243' title='bbox 291 3644 441 3708; x_wconf 88' lang='lat' dir='ltr'>conatum</span> <span class='ocrx_word' id='word_1_244' title='bbox 473 3663 545 3706; x_wconf 86' lang='lat' dir='ltr'>curn</span> <span class='ocrx_word' id='word_1_245' title='bbox 576 3641 712 3706; x_wconf 89' lang='lat' dir='ltr'>aliorum</span> <span class='ocrx_word' id='word_1_246' title='bbox 744 3639 870 3705; x_wconf 81' lang='lat' dir='ltr'>confert</span> <span class='ocrx_word' id='word_1_247' title='bbox 897 3639 1072 3720; x_wconf 91' lang='lat' dir='ltr'>similibus,</span> <span class='ocrx_word' id='word_1_248' title='bbox 1108 3639 1165 3724; x_wconf 89' lang='lat' dir='ltr'>qui</span> <span class='ocrx_word' id='word_1_249' title='bbox 1195 3640 1235 3704; x_wconf 89' lang='lat' dir='ltr'>ad</span> <span class='ocrx_word' id='word_1_250' title='bbox 1262 3661 1419 3707; x_wconf 88' lang='lat' dir='ltr'>summam</span> 
     </span>
    </p>
   </div>
   <div class='ocr_carea' id='block_1_8' title="bbox 291 3912 1419 4250">
    <p class='ocr_par' dir='ltr' id='par_1_8' title="bbox 291 3912 1419 4250">
     <span class='ocr_line' id='line_1_31' title="bbox 382 3912 1419 3988; baseline -0.005 -13"><span class='ocrx_word' id='word_1_251' title='bbox 382 3919 399 3988; x_wconf 88' lang='lat'>¹)</span> <span class='ocrx_word' id='word_1_252' title='bbox 417 3919 497 3986; x_wconf 83' lang='lat' dir='ltr'>Quod</span> <span class='ocrx_word' id='word_1_253' title='bbox 521 3919 551 3974; x_wconf 91' lang='lat' dir='ltr'>in</span> <span class='ocrx_word' id='word_1_254' title='bbox 578 3918 661 3973; x_wconf 92' lang='lat' dir='ltr'>huius</span> <span class='ocrx_word' id='word_1_255' title='bbox 685 3917 772 3988; x_wconf 86' lang='lat' dir='ltr'>ipsius</span> <span class='ocrx_word' id='word_1_256' title='bbox 789 3917 890 3988; x_wconf 86' lang='lat' dir='ltr'>proelii</span> <span class='ocrx_word' id='word_1_257' title='bbox 918 3917 1104 3987; x_wconf 88' lang='lat' dir='ltr'>descriptione</span> <span class='ocrx_word' id='word_1_258' title='bbox 1123 3936 1140 3972; x_wconf 89' lang='lat' dir='ltr'>a</span> <span class='ocrx_word' id='word_1_259' title='bbox 1158 3912 1266 3974; x_wconf 85' lang='lat' dir='ltr'>Zosimo</span> <span class='ocrx_word' id='word_1_260' title='bbox 1286 3918 1419 3988; x_wconf 88' lang='lat' dir='ltr'>elephan-</span> 
     </span>
     <span class='ocr_line' id='line_1_32' title="bbox 291 4003 1418 4079; baseline -0.004 -19"><span class='ocrx_word' id='word_1_261' title='bbox 291 4009 386 4061; x_wconf 88' lang='lat' dir='ltr'>torum</span> <span class='ocrx_word' id='word_1_262' title='bbox 403 4009 568 4079; x_wconf 73' lang='grc' dir='ltr'><strong><em>βρυχηθμός</em></strong></span> <span class='ocrx_word' id='word_1_263' title='bbox 592 4007 842 4070; x_wconf 87' lang='lat' dir='ltr'>commemoratur,</span> <span class='ocrx_word' id='word_1_264' title='bbox 869 4003 905 4057; x_wconf 88' lang='lat' dir='ltr'>ad</span> <span class='ocrx_word' id='word_1_265' title='bbox 931 4003 1068 4059; x_wconf 86' lang='lat' dir='ltr'>tuendam</span> <span class='ocrx_word' id='word_1_266' title='bbox 1095 4003 1244 4073; x_wconf 74' lang='lat' dir='ltr'>vulgatam</span> <span class='ocrx_word' id='word_1_267' title='bbox 1267 4005 1418 4060; x_wconf 88' lang='lat' dir='ltr'>lectionem</span> 
     </span>
     <span class='ocr_line' id='line_1_33' title="bbox 291 4089 1418 4160; baseline -0.004 -14"><span class='ocrx_word' id='word_1_268' title='bbox 291 4089 363 4146; x_wconf 89' lang='lat' dir='ltr'>nihil</span> <span class='ocrx_word' id='word_1_269' title='bbox 382 4091 473 4147; x_wconf 83' lang='lat' dir='ltr'>tacere</span> <span class='ocrx_word' id='word_1_270' title='bbox 492 4089 652 4160; x_wconf 90' lang='lat' dir='ltr'>quicunque</span> <span class='ocrx_word' id='word_1_271' title='bbox 670 4089 763 4145; x_wconf 88' lang='lat' dir='ltr'>locum</span> <span class='ocrx_word' id='word_1_272' title='bbox 790 4091 871 4145; x_wconf 87' lang='lat' dir='ltr'>illurn</span> <span class='ocrx_word' id='word_1_273' title='bbox 904 4089 1011 4145; x_wconf 72' lang='lat' dir='ltr'>(Zosim.</span> <span class='ocrx_word' id='word_1_274' title='bbox 1030 4089 1071 4144; x_wconf 90' lang='lat' dir='ltr'>III</span> <span class='ocrx_word' id='word_1_275' title='bbox 1089 4089 1130 4157; x_wconf 86' lang='lat'>30,</span> <span class='ocrx_word' id='word_1_276' title='bbox 1142 4091 1220 4159; x_wconf 77' lang='lat'><strong>8-7)</strong></span> <span class='ocrx_word' id='word_1_277' title='bbox 1238 4091 1324 4160; x_wconf 87' lang='lat' dir='ltr'>paulo</span> <span class='ocrx_word' id='word_1_278' title='bbox 1338 4105 1418 4143; x_wconf 86' lang='lat' dir='ltr'>accu-</span> 
     </span>
     <span class='ocr_line' id='line_1_34' title="bbox 291 4175 829 4250; baseline -0.002 -18"><span class='ocrx_word' id='word_1_279' title='bbox 291 4176 382 4232; x_wconf 85' lang='lat' dir='ltr'>ratius</span> <span class='ocrx_word' id='word_1_280' title='bbox 399 4176 552 4250; x_wconf 82' lang='lat' dir='ltr'>perlegerit</span> <span class='ocrx_word' id='word_1_281' title='bbox 570 4175 653 4231; x_wconf 83' lang='lat' dir='ltr'>facile</span> <span class='ocrx_word' id='word_1_282' title='bbox 672 4180 829 4246; x_wconf 67' lang='lat' dir='ltr'>cognoscet⁴</span> 
     </span>
    </p>
   </div>
   <div class='ocr_carea' id='block_1_9' title="bbox 0 0 1658 4934">
    <p class='ocr_par' dir='ltr' id='par_1_9' title="bbox 0 0 1658 4934">
     <span class='ocr_line' id='line_1_35' title="bbox 0 0 1658 4934; baseline 0 0"><span class='ocrx_word' id='word_1_283' title='bbox 0 0 1658 4934; x_wconf 95' lang='lat' dir='ltr'> </span> 
     </span>
    </p>
   </div>
  </div>
 </body>
</html>
