3308 4934
690 332 900 393 ..25...

230 535 328 600 eaque
365 535 461 599 quam
497 513 714 598 uuusquisque
749 514 907 580 desiderat
942 512 1101 578 sententia
1135 511 1287 590 efficitur,
1323 511 1351 575 si

229 617 391 684 lenissima
420 615 564 682 adhibita
594 615 717 681 medela
746 617 793 682 ita
823 617 991 682 scribimus
1029 633 1132 698 repens
1166 613 1352 679 incendebat

227 720 457 788 tardantem
479 723 538 784 etc.
575 719 617 784 of.
640 718 748 816 xxly
772 729 800 799 6,
827 728 863 788 11
887 721 1083 802 incitareque
1102 717 1274 784 tardantes.

315 925 400 995 xvlll
426 933 455 1005 7,
471 933 499 994 6.
535 923 622 991 Dan
643 929 744 1010 oancpi
765 928 1004 1001 dementasset
1025 923 1145 990 dictans
1161 926 1215 1003 est,
1228 921 1353 987 bibunt

230 1049 302 1096 carn
324 1027 553 1112 protectoribus
582 1029 677 1093 missi
705 1029 859 1094 citerioris
886 1029 977 1112 repas
1003 1025 1182 1110 Enpbratis
1216 1021 1352 1092 castellis

233 1132 459 1215 nuncnunc
480 1131 613 1198 sudibus
634 1133 778 1213 maniano
795 1125 1033 1216 praesidiorum
1052 1149 1165 1214 penore
1182 1129 1352 1194 conranni·

232 1239 319 1314 bont,
353 1237 510 1300 tormenta
543 1255 681 1317 qnannn
716 1239 782 1300 erat
815 1235 1038 1318 uorapc’rrosnrn
1073 1231 1150 1298 locis
1188 1232 1352 1315 oportunis

229 1341 382 1422 optantes.
426 1333 479 1402 Sic
506 1335 553 1417 V,
583 1338 646 1402 uisi
677 1337 760 1422 quod
790 1337 923 1421 praebet
953 1336 1113 1402 ceterioris
1142 1338 1174 1399 et
1204 1337 1351 1413 eufrates.

228 1439 490 1508 Gardthausenus
511 1459 566 1504 cur
587 1439 722 1504 ediderit
742 1440 898 1504 citatoris
918 1439 1010 1521 rapae
1024 1435 1204 1521 Euphratis
1225 1433 1353 1501 castello

229 1549 258 1610 et
283 1543 470 1628 praecentis
499 1541 632 1608 sudibus
663 1544 723 1604 eto.
755 1540 902 1626 equidem
929 1561 994 1604 uon
1025 1537 1191 1625 intellego.
1237 1534 1351 1624 Neque

231 1646 316 1712 euim
348 1650 405 1712 aut
433 1646 466 1711 in
496 1644 616 1732 plurali
643 1645 737 1728 ripas
765 1643 959 1710 haerendum
991 1646 1040 1708 est
1067 1641 1122 1727 (cf.
1151 1663 1178 1707 e.
1201 1659 1249 1728 gr.
1272 1638 1351 1707 XVI

235 1753 284 1828 12,
309 1755 348 1817 51
370 1747 413 1816 od
431 1750 521 1833 rapas
541 1747 711 1841 citeriores
734 1747 789 1832 (su.
812 1745 958 1832 Rheni).
983 1797 991 1813 .
1015 1796 1022 1811 .
1040 1745 1225 1830 peruenire·
1256 1741 1352 1810 XVII

234 1857 282 1930 13,
307 1859 345 1920 15
370 1853 462 1935 ripsas
483 1851 648 1917 adunione
674 1869 824 1932 ccupare
839 1869 933 1934 posse
954 1851 1148 1934 sperantes),
1178 1854 1235 1915 aut
1266 1849 1351 1934 qaod

229 1953 369 2020 castella*
382 1957 574 2038 praeacutae
596 1954 689 2019 sudes
712 1972 805 2017 omne
826 1953 1058 2038 praesidiorum
1078 1973 1180 2040 genus
1199 1952 1350 2020 continuo

227 2060 340 2123 tenore
373 2060 664 2123 commemorantur
693 2054 867 2140 quidquam
897 2055 996 2122 habet
1026 2055 1060 2121 iu
1089 2077 1123 2122 se
1154 2053 1350 2120 offensionis.

228 2157 292 2224 Sed
320 2157 385 2224 alio
413 2159 493 2224 vitio
521 2159 676 2226 editiones
705 2157 888 2224 liberandae
918 2163 1001 2227 suut.
1046 2156 1167 2224 Iniuria
1196 2155 1281 2223 euim
1310 2157 1350 2223 ab

233 2259 381 2326 omnibus
403 2259 524 2328 Gelenii
553 2260 737 2326 coniectura
763 2282 823 2346 pro
853 2281 989 2345 quarunt
1014 2260 1182 2328 scribentis
1203 2281 1267 2345 qna
1287 2279 1352 2326 non

233 2367 361 2448 recepta
383 2369 439 2444 est,
464 2364 519 2449 qai
540 2365 604 2430 uisi
624 2364 658 2430 in
676 2363 797 2430 edendo
814 2365 908 2430 nimis
925 2363 1108 2430 festinasset
1125 2362 1238 2449 procul
1255 2362 1353 2430 dubio

230 2465 403 2534 invenisset
424 2467 678 2534 emendationem
700 2489 764 2553 qua
776 2466 866 2534 nulla
887 2472 936 2534 est
958 2466 1143 2552 certiorpn
1156 2474 1251 2554 a<p
1263 2487 1304 2532 a·
1316 2485 1349 2536 >

227 2589 313 2636 rnrn
335 2576 403 2636 erat
424 2574 660 2655 aerumnosum,
691 2571 712 2635 i.
736 2593 762 2636 e.
787 2572 842 2636 ubi
863 2593 929 2637 non
949 2572 1032 2636 tanti
1053 2572 1086 2635 in
1109 2569 1240 2636 flumine
1258 2575 1354 2654 eraut

231 2674 386 2759 gurgites,
410 2679 446 2740 ut
466 2673 517 2740 his
539 2673 678 2740 solisne
701 2675 873 2766 transirent
894 2675 1003 2740 hostes
1025 2673 1266 2764 impedirentur.

314 2878 400 2948 xlm
426 2886 454 2957 7,
479 2887 507 2946 7.
547 2878 718 2966 Vituperat
739 2882 878 2967 scriptor
895 2880 1104 2948 Sabinianum
1126 2881 1248 2960 ducem,
1267 2881 1352 2966 quod
1482 2869 1486 2879 ¹

231 2979 317 3045 bello
345 2986 479 3067 urgente
507 2983 541 3048 in
567 2984 670 3050 bustis
689 2984 859 3051 Edessenis
880 2984 1139 3051 histrionicamm
1161 2984 1231 3050 vioe
1253 2983 1352 3049 11111-

213 3093 215 3098 ·
231 3082 355 3148 donum
367 3083 506 3150 militam
521 3086 669 3172 pyrrhica
682 3087 858 3154 delectatus
880 3088 923 3154 sit
939 3089 1078 3155 ominoso
1094 3108 1172 3154 sune
1189 3092 1218 3152 et
1230 3089 1352 3170 incepto

229 3191 258 3252 et
279 3186 351 3262 loco,
374 3209 447 3254 curn
467 3188 543 3255 baec
563 3195 592 3256 et
612 3191 709 3258 bnins
730 3193 817 3257 nodi
837 3191 926 3266 tacta
944 3192 1092 3274 dictnpne
1104 3192 1213 3256 tristia
1220 3194 1352 3269 saturos

221 3292 438 3374 pronuntiant
468 3296 569 3358 motus
599 3296 700 3360 citare
731 3295 884 3378 optirnnrn
913 3306 1065 3377 pnempn'e
1094 3294 1204 3359 debere
1233 3292 1353 3360 sescnti

225 3397 444 3478 propressione
478 3396 647 3462 decennes.
705 3394 813 3461 Verba
845 3395 976 3478 futuros
1002 3397 1217 3478 pronuntiant
1250 3399 1352 3461 ncotns
1395 3409 1397 3414 ·

228 3517 308 3579 quae
330 3496 449 3563 frustra
471 3497 589 3584 aliquis
611 3498 781 3562 defendere
799 3500 932 3563 conatus
950 3497 1001 3576 111,
1016 3495 1147 3562 Valesio
1163 3497 1352 3564 videbantur
1450 3576 1451 3580 Ἰ

228 3597 387 3684 glossema
410 3623 491 3682 esse,
513 3606 546 3666 et
568 3623 645 3668 saue
668 3599 799 3666 concedi
817 3603 926 3683 potest
947 3622 985 3664 ea
1002 3600 1071 3666 siae
1090 3600 1157 3666 ullo
1175 3602 1351 3668 sententiae

227 3701 426 3770 incommodo
463 3705 570 3770 omitti
606 3726 710 3788 posse.
755 3701 816 3768 sed
851 3703 1077 3790 praeterquam
1110 3704 1195 3788 quod
1228 3703 1274 3768 sic
1303 3706 1352 3770 uti

225 3809 299 3870 sunt
327 3807 383 3872 vix
420 3829 457 3872 ea
487 3829 681 3893 quemquam
720 3805 857 3891 margini
888 3805 1123 3892 adscripturum
1147 3806 1245 3872 fuisse
1270 3809 1351 3872 seri·

224 3908 328 3974 simile
353 3907 423 3989 est,
456 3928 615 3975 memores
642 3931 710 3974 esse
742 3908 892 3973 debemus
916 3929 1022 3974 amare
1045 3909 1253 3975 Ammiauum
1275 3909 1351 3976 lati·

225 4010 366 4076 tudinem
390 4013 549 4096 quaudam
581 4017 677 4098 atque
707 4011 935 4078 abundantiam
957 4013 1089 4079 dicendi.
1135 4011 1249 4101 Itaque
1271 4017 1351 4084 mihi

225 4114 353 4198 quidem
377 4115 479 4182 multo
501 4117 605 4202 magis
627 4139 644 4182 e
667 4117 791 4184 ratione
810 4137 878 4180 esse
897 4117 1031 4197 ridetur,
1045 4117 1073 4182 si
1087 4116 1154 4184 leui
1171 4120 1350 4186 mutatione
