3308 4934
739 387 948 448 ..12-

280 567 313 634 G.
342 569 378 634 F.
410 569 461 634 W.
494 569 666 654 Muelle1·¹)
702 570 799 634 homo
815 558 817 562 ’
832 569 1125 656 ingeniosissimum
1150 569 1256 634 'ouius
1295 592 1404 635 emen·

280 674 422 739 dationes
456 695 475 739 a
505 673 746 739 Gardthauseno
781 672 852 757 plus
888 695 984 757 quam
1020 675 1204 737 meruerunt
1238 672 1403 759 neglectae

279 781 364 857 suut,
386 799 445 861 pro
467 778 650 842 tremiscente
672 775 873 840 scribendum
895 797 963 840 erse
986 776 1248 855 comminiscente,
1270 776 1303 840 id
1325 776 1404 842 mihi

280 880 448 966 lougiusa
478 880 596 945 codicis
627 878 771 965 vestigiis
801 879 948 944 recedere
978 878 1104 943 videtur
1134 899 1230 963 quam
1262 883 1297 942 ut
1327 901 1403 963 pro-

280 983 457 1049 babilitatis
478 983 615 1067 speciem
639 1003 715 1066 prae
741 1004 776 1046 se
804 981 895 1046 ferat.
940 981 1097 1067 Equidem
1125 982 1239 1066 opinor
1260 983 1301 1047 ab
1323 982 1404 1048 Am·-

280 1087 387 1151 miano·
409 1087 563 1171 scriptum
598 1085 696 1150 tuisse
731 1085 790 1150 eie:
826 1087 918 1150 uaria
952 1086 1060 1150 animo
1088 1087 1165 1151 oin
1198 1087 1405 1153 miscente

281 1188 424 1263 consilia,
447 1211 529 1273 quae
560 1189 743 1254 coniectura
766 1188 843 1252 satis
873 1188 1003 1273 probari
1033 1188 1160 1253 videtur
1181 1210 1219 1254 eo
1247 1190 1404 1257 vocabulo

280 1291 366 1375 quod
383 1291 528 1376 sequitur
541 1293 678 1357 tandem.
717 1291 869 1357 Conferre
888 1292 984 1356 etiam
1001 1295 1095 1376 potes
1109 1291 1170 1356 XV
1186 1301 1217 1372 4,
1239 1301 1254 1360 1
1274 1293 1407 1377 dipcstis

280 1394 338 1459 diu
360 1395 503 1460 cmsitiis
520 1396 556 1460 id
577 1397 682 1460 nisum
703 1400 748 1460 est
769 1395 931 1460 homstmn
953 1399 982 1460 et
1002 1395 1081 1460 ntite
1104 1417 1130 1465 e.
1148 1419 1178 1481 q.
1195 1418 1220 1460 a.
1244 1400 1276 1461 et
1294 1395 1405 1462 XXVI

282 1504 312 1575 4,
336 1505 354 1565 3
377 1496 478 1563 matta
495 1501 684 1582 scennipsc
701 1497 861 1564 diootoens
884 1549 890 1564 .
916 1548 922 1562 .
948 1547 954 1561 .
979 1549 985 1563 .
1008 1497 1093 1563 aiiii
1110 1499 1299 1564 morandrnn
1315 1504 1405 1565 ratas

282 1621 307 1664 e.
332 1623 362 1684 q.
386 1623 421 1678 e,
445 1601 500 1665 ubi
522 1601 682 1667 dinoloens
703 1601 783 1666 illud
805 1601 869 1666 iam
898 1605 971 1665 ante
994 1594 1253 1666 comelissenum‘
1274 1624 1294 1666 a
1315 1601 1404 1666 Wir·

279 1702 368 1786 ni02)
391 1706 477 1767 recte
500 1703 533 1768 in
555 1703 614 1768 din
635 1703 759 1769 uoluens
783 1706 939 1768 mutatum
963 1707 1020 1768 est.

364 1908 414 1978 xv
435 1917 461 1988 l,
477 1918 506 1976 4.
545 1907 689 1994 Castigat
706 1909 895 1973 Ammianus
910 1907 1089 1974 Constantii
1108 1909 1290 1994 superbiam
1308 1915 1405 1997 atquc

280 2013 570 2097 intemperantiam,
594 2014 714 2098 quippe
737 2013 792 2097 qui
815 2035 849 2078 se
870 2013 939 2097 ipse
961 2014 1063 2078 totius
1086 2013 1173 2078 orbis
1195 2013 1407 2098 appellaverit

282 2117 455 2182 dominum.
500 2137 635 2198 namque
656 2118 750 2182 ctiam
773 2118 802 2181 si
823 2117 1014 2182 mandorum
1037 2117 1212 2202 infinitates
1232 2117 1408 2184 Democriti

279 2225 407 2303 reperet,
419 2239 495 2302 qnos
503 2219 699 2285 Anaxarcho
712 2221 865 2284 incitante
877 2236 1012 2302 maynas
1026 2222 1201 2286 somniabat
1213 2220 1406 2301 Alexander,

281 2324 317 2388 id
338 2327 513 2406 reputasset
535 2321 638 2406 tepens
660 2323 707 2389 oet
730 2325 866 2389 audiens
887 2323 982 2406 quod,
1010 2329 1046 2388 nt
1067 2324 1175 2389 docent
1195 2323 1409 2391 mathematici

281 2428 484 2506 concinentes,
506 2425 643 2491 ambitus
660 2431 762 2492 terroe
778 2429 883 2502 totins,
905 2447 986 2509 qnae
1003 2427 1090 2492 notis
1106 2427 1232 2492 eidam
1252 2427 1408 2495 immenso

281 2531 325 2596 nrt
345 2530 598 2614 mapnitndinem
627 2531 848 2595 universitatis
878 2531 983 2594 instar
1013 2530 1115 2596 trecis
1145 2531 1261 2597 obtinet
1286 2533 1407 2615 puncti.

281 2631 414 2698 Minime
456 2631 661 2698 Constantius
705 2631 737 2696 id
781 2632 866 2716 quod
909 2631 985 2696 dicit
1033 2633 1170 2718 scriptor
1217 2637 1406 2718 reputasset,

284 2757 355 2801 oum
385 2758 424 2799 ne
456 2740 525 2801 tum
558 2737 701 2820 quidem,
734 2759 806 2801 oum
836 2759 901 2802 non
923 2736 1100 2802 Democriti
1129 2735 1202 2802 illes
1232 2736 1407 2802 infinitates

284 2840 338 2904 sed
356 2839 537 2904 Romanum
557 2843 683 2905 tantum
704 2840 875 2924 imperium
892 2844 1029 2926 regeret,
1052 2843 1225 2924 reputaret.
1270 2837 1406 2906 Senten-

281 2943 327 3007 tia
354 2943 465 3028 utique
488 2942 669 3030 flagitatur,
693 2946 729 3007 ut
757 2944 955 3030 corrigamus
982 2964 1120 3027 namque
1148 2944 1243 3009 etiam
1263 2944 1295 3008 si
1315 2965 1407 3009 man·

282 3045 395 3112 domm
412 3047 586 3134 infinitates
603 3046 779 3112 Democriti
799 3052 925 3131 reperet,
947 3067 1024 3130 qnos
1041 3045 1236 3113 Anemoreia
1254 3047 1408 3112 incitante

282 3167 416 3231 mapnns
447 3148 626 3214 somniabat
652 3145 856 3224 Atecander,
883 3149 921 3214 iot
945 3153 1180 3232 reputo<re
1201 3150 1407 3228 detni>s·

282 3249 375 3335 catil)
399 3251 502 3335 tepens
523 3252 571 3318 oet
593 3253 727 3318 audiens
748 3257 799 3317 eto.

255 3534 270 3547 ..
369 3458 418 3527 xv
433 3466 461 3538 2,
478 3466 506 3525 t.
542 3459 683 3541 Indeque
705 3458 748 3524 ad
769 3457 941 3525 Julianam
957 3479 1064 3525 recens
1081 3461 1272 3543 perductam
1290 3458 1409 3524 catam·

285 3563 414 3628 nicrum
453 3563 587 3627 uertitur
624 3561 773 3628 machina
810 3563 1044 3629 memorabilem
1077 3568 1190 3646 postca
1219 3564 1408 3647 principem,
1449 3568 1451 3572 ’

282 3670 404 3748 pennino
426 3667 565 3745 crimine,
587 3671 623 3731 at
644 3667 801 3748 iniqnitas
823 3667 1024 3745 aestimabat,
1047 3666 1252 3748 implicitum:
1283 3666 1367 3748 qnod
1388 3687 1409 3731 a

285 3767 416 3834 Macelli
439 3770 547 3846 fundo
578 3771 614 3834 in
641 3767 843 3851 Cappadocia
867 3771 972 3852 posito
1001 3771 1045 3835 ad
1072 3768 1187 3835 Asiam
1214 3769 1410 3853 demiprarnt
1503 3797 1510 3816 ·

358 4028 376 4093 ¹)
394 4028 495 4083 Annal.
513 4028 583 4097 phil.
604 4027 668 4082 1873
686 4047 713 4097 p.
730 4027 789 4082 341.

356 4113 375 4180 2)
393 4112 495 4168 Philol.
513 4111 630 4167 XXXVI
647 4131 674 4184 p.
693 4112 751 4168 836.

357 4199 376 4265 ³)
395 4216 431 4252 an
449 4190 592 4258 <hand
608 4189 741 4259 mate>
759 4202 789 4253 id
806 4207 978 4269 reputasset?
