3308 4934
783 342 994 403 ...32...

326 522 479 590 orationis
513 527 673 590 structura
707 523 1017 607 reprehenderemus.
1074 521 1110 588 ld
1144 546 1220 590 vero
1257 529 1342 612 quod
1378 529 1450 615 ipre

325 625 506 711 Madvigius
520 626 656 694 coniecit
673 630 796 692 mactat
818 634 914 690 metum
930 628 1154 704 incendebatque
1175 649 1239 706 spes
1260 635 1450 708 cupiditatem

327 733 385 796 etc.
404 729 475 796 ideo
498 729 575 795 ferri
593 730 714 814 nequit,
738 732 824 814 quod
843 732 986 796 subiecto
1004 731 1089 814 quod
1111 734 1160 795 est
1181 751 1254 809 spes,
1276 755 1340 798 non
1362 741 1448 802 recte

326 833 583 898 accommodatur
601 821 805 917 participium
826 837 979 905 caniciem,
1003 831 1105 917 neque
1129 833 1213 898 enim
1236 857 1309 920 spes
1326 837 1449 904 Juliani

326 935 380 998 sed
402 934 471 1020 ipse
485 934 633 1000 Julianus
654 939 791 1002 mortem
810 935 988 1002 Constantii
1011 958 1028 1001 e
1050 937 1228 1022 praesagiis
1251 941 1448 1026 somniisque

325 1037 497 1121 praevidet.
542 1037 624 1114 Quid
654 1039 755 1125 igitur
783 1039 960 1104 faciamus?
1003 1040 1075 1125 Ego
1106 1040 1234 1125 quidem
1265 1040 1366 1108 latere
1387 1046 1446 1112 sub

324 1138 482 1204 vocabulo
518 1144 580 1204 aas
612 1142 798 1207 adverbium
829 1142 957 1226 aliquod
993 1142 1137 1226 suspicor
1171 1147 1203 1207 et
1233 1144 1278 1209 sic
1308 1144 1375 1210 iere
1406 1148 1447 1212 ab

325 1243 495 1308 Ammiano
514 1243 668 1328 scriptum
690 1244 788 1310 fuisse
807 1250 928 1308 acuebat
948 1252 1045 1309 autem
1066 1249 1291 1324 duceudebctque
1313 1254 1448 1314 acrius

324 1349 513 1424 cupiditatem
524 1350 643 1423 pamas
660 1351 722 1410 ima
739 1350 850 1411 Galliis
867 1352 1007 1412 iuccseere
1024 1352 1101 1410 uitro
1121 1349 1322 1413 Ocustautimu
1341 1357 1446 1415 comici-
1473 1364 1476 1372 '

324 1467 374 1510 eus
396 1469 460 1511 eum
482 1453 540 1513 eto.
586 1449 785 1535 Wagnerum
813 1473 853 1517 nc
884 1473 1015 1536 sequar,
1047 1452 1111 1535 qui·
1133 1452 1167 1516 iu
1199 1452 1311 1537 primis
1340 1455 1445 1520 verbis

324 1551 445 1635 aliquid
468 1553 619 1617 excidisse
643 1553 831 1630 arbitratur,
862 1576 899 1619 eo
923 1553 1060 1619 adducor
1081 1555 1167 1639 quod
1196 1555 1272 1638 quid
1301 1557 1444 1622 excidere

324 1654 465 1736 potuerit
486 1676 550 1718 non
572 1655 674 1720 video.

386 1826 468 1894 ,XXl
493 1834 522 1906 4,
547 1835 563 1892 7
588 1849 634 1910 sq.
679 1831 743 1890 Hoc
764 1847 835 1890 casu
858 1831 961 1890 elatior
983 1831 1128 1893 Jutiauue
1151 1874 1158 1889 .
1181 1875 1187 1889 .
1210 1875 1216 1888 .
1242 1833 1320 1890 mitit
1347 1821 1443 1892 remit·

322 1933 447 1992 teutibus
477 1932 557 1992 curis
575 1933 728 2006 ¹bartmrcs
758 1932 874 1991 adoriri
904 1932 1049 2012 disposuit
1071 1975 1078 1990 .
1101 1977 1107 1990 .
1131 1975 1137 1990 .
1160 1975 1195 2006 ‚.
1223 1937 1248 1992 et
1276 1949 1313 1991 ae
1340 1950 1441 1992 rumor
1534 1961 1539 1970 ·

322 2035 462 2095 educatae
484 2035 532 2094 sui
561 2051 607 2094 ece
629 2035 669 2094 ad
690 2036 847 2095 remotiora
868 2035 1043 2105 traduceret,
1072 2040 1208 2110 summata
1229 2034 1326 2094 Rheae
1347 2035 1438 2093 uectis

321 2139 382 2197 atto
403 2137 528 2198 sitmtic'
542 2154 606 2198 cum
621 2137 803 2198 auxiliorum
827 2138 1051 2214 expeditissimis
1071 2138 1163 2212 ytcbis
1186 2137 1263 2198 matt
1289 2140 1437 2198 mumius

320 2241 410 2301 tuias
429 2241 509 2300 modi
526 2241 721 2301 cr'rcmuceuit.
765 2236 914 2321 Ineptum
936 2241 985 2301 est
998 2237 1135 2301 verbum
1152 2237 1346 2314 traducendi,
1368 2257 1438 2300 cum

320 2338 470 2406 Germani
501 2342 535 2405 in
565 2341 635 2425 ipsa
665 2339 817 2416 ulteriore
847 2338 953 2405 Rheni
984 2338 1054 2422 ripa
1090 2339 1163 2404 sint.
1208 2337 1439 2424 Corrigendum

321 2448 369 2508 est
380 2448 436 2507 aut
452 2447 644 2506 reduceret
656 2443 1104 2519 aut<re>troduceret
1121 2440 1253 2525 Syllaba
1266 2462 1299 2504 re
1310 2443 1442 2524 propter

322 2546 562 2612 similitudinem
586 2569 693 2612 earum
717 2545 913 2623 litterarum,
945 2566 1026 2628 quae
1046 2544 1256 2628 praecedunt,
1289 2543 1445 2610 facillime
1493 2625 1498 2634 Ι

321 2651 465 2716 excidere
487 2651 603 2734 potuit.

404 2821 465 2891 XXl
498 2831 532 2900 5,
562 2829 609 2888 11.
657 2824 741 2884 Sotae
771 2823 900 2883 cumdum
922 2823 986 2882 ticet
1003 2823 1153 2898 proposito
1175 2823 1275 2883 stabili
1300 2822 1440 2882 audacter

319 2932 416 2988 tamea
432 2928 601 3002 prouectus
621 2927 796 3002 repuquacit
813 2925 981 3001 Nebridius,
1003 2926 1082 2987 iuris
1103 2926 1228 2986 iuraudc'
1244 2943 1322 2986 ueeu
1339 2929 1443 2986 ceretro

325 3031 527 3092 coustantium
548 3045 735 3104 nequaquam
754 3044 785 3087 se
806 3029 967 3105 coustriuei
984 3045 1071 3104 posse
1092 3045 1329 3097 commemorem,
1358 3028 1443 3087 euius

321 3133 465 3208 beueficiis
486 3133 630 3208 abdicatus
652 3135 714 3190 erut
743 3130 850 3190 crebris
872 3135 899 3191 et
923 3133 1033 3191 multia
1074 3126 1291 3194 intolerabilis
1318 3127 1443 3193 videtur

320 3232 499 3318 tautologia
520 3235 628 3294 crebris
657 3239 682 3294 et
713 3233 825 3302 mattis,
856 3231 1044 3316 praesertim
1075 3253 1147 3295 cum
1178 3230 1210 3295 id
1244 3228 1441 3309 vocabulum,

320 3334 404 3419 quod
419 3334 615 3418 exquisitius
637 3338 702 3412 est,
724 3333 894 3416 praecedat
915 3339 1130 3418 sequaturque
1151 3333 1200 3412 id,
1231 3333 1315 3417 quod
1338 3333 1442 3416 magis

320 3443 367 3502 est
395 3437 556 3502 detritum.
602 3435 694 3502 Certe
716 3434 798 3499 nihil
824 3434 889 3500 tale
919 3458 1059 3521 unquam
1091 3437 1130 3500 ab
1153 3435 1324 3520 Ammiano
1353 3456 1442 3500 com·

319 3541 450 3606 missurn
474 3561 542 3604 esse
569 3540 710 3604 memini.
755 3537 816 3603 Sed
847 3539 923 3603 satis
947 3543 995 3604 ert
1025 3539 1181 3603 detexisse
1203 3538 1333 3614 vitium3
1366 3538 1442 3622 quid

319 3643 483 3727 scripserit
497 3631 686 3706 Ammianus
704 3663 762 3726 pro
782 3644 868 3705 certo
884 3641 937 3705 vix
955 3641 1018 3705 dici
1033 3640 1160 3724 poterit,
1180 3662 1252 3704 cum
1270 3644 1441 3724 utrumque

319 3745 509 3810 adiectivum
544 3747 668 3808 mutare
703 3743 805 3826 possis
840 3741 1025 3808 multifarie.
1079 3741 1357 3828 Simplicissimum
1393 3746 1441 3807 est

317 3853 424 3912 crebris
446 3855 473 3910 et
493 3852 657 3923 maauie.

402 4020 463 4088 XXl
488 4029 521 4098 8,
551 4027 581 4084 4.
627 4023 792 4107 Maudatat
826 4026 923 4083 tamea
958 4025 1079 4106 carceris
1109 4029 1143 4086 ut
1178 4030 1329 4100 tamquam
1363 4025 1440 4083 toste

312 4127 450 4200 pretium
472 4141 626 4185 occursuro
642 4125 733 4184 tutius
750 4126 943 4201 eradereutur
966 4127 1025 4188 etc.
1066 4124 1145 4190 (ium
1161 4126 1301 4192 nondum
1320 4125 1440 4210 egressi
