3308 4934
735 280 947 342 ..56-

273 459 313 526 ab
336 458 399 524 hoc
420 459 575 542 scriptore
598 459 781 524 abiudicare
804 461 875 525 ideo
899 460 1034 540 dubitat,
1059 462 1144 545 quod
1167 461 1299 526 verbum
1315 481 1402 524 mau-

273 563 346 624 dare
374 559 470 626 facile
502 562 620 627 mutari
650 582 717 626 non
748 563 858 646 possit.
872 561 895 648 ¹)
941 562 987 627 At
1008 566 1134 646 potest,
1166 562 1285 628 scribas
1307 564 1403 629 modo

272 665 440 727 mmmmm.
484 661 659 728 Tollendus
690 663 770 728 mihi
803 668 937 748 uterque
975 663 1031 729 ille
1066 664 1243 730 infinitivus
1277 666 1404 732 videtur

273 786 342 832 esse
373 765 485 850 utique
517 766 601 850 apud
633 787 707 831 cum
738 767 944 850 scriptorem,
981 767 1072 832 cuius
1102 789 1161 851 per
1183 767 1403 853 duodeviginti

271 867 373 934 libros
404 888 444 932 ne
472 867 507 932 in
537 867 741 933 viridissimis
771 868 902 952 quidem
935 868 1203 953 descriptionibus
1226 869 1279 955 (ef.
1304 892 1330 934 e.
1353 889 1402 954 gr.

273 967 366 1051 XVI,
401 972 453 1055 12)
482 993 558 1036 usus
586 968 674 1035 illius
703 975 870 1054 praeterea
892 969 995 1036 ullum
1019 972 1193 1057 vestigium
1214 971 1365 1056 reperias.
1378 971 1403 1055 ²)

358 1208 446 1276 xxix
470 1218 498 1288 6,
525 1216 573 1278 16.
618 1207 772 1274 Narravit
793 1210 984 1274 Ammianus
1007 1208 1223 1275 Theodosium
1245 1211 1405 1275 iuniorem

276 1311 439 1380 Sarmatas
470 1311 589 1378 liberos
619 1311 839 1377 Romanorum
870 1313 951 1377 fines
986 1312 1173 1378 invadentes
1211 1312 1405 1397 aliquotiens

274 1415 435 1502 expulisse
457 1414 662 1500 pluriumque
686 1415 842 1500 sanguine
865 1415 958 1479 alites
976 1415 1125 1499 ferasque
1144 1417 1286 1480 satiasse.
1326 1419 1406 1479 Unde

272 1504 388 1584 residui
415 1525 526 1581 tumore
555 1521 618 1581 imn
648 1521 830 1597 deflapranie
851 1523 1020 1592 metuentes,
1047 1539 1084 1581 ne
1105 1523 1182 1582 idem
1204 1521 1266 1582 due
1286 1523 1406 1582 uirtutis

274 1629 308 1684 ut
337 1625 481 1700 apparuit
508 1624 659 1700 expeditae
687 1624 721 1684 iu
738 1624 838 1698 prime
853 1624 966 1698 sanium
988 1624 1074 1684 aditu
1094 1625 1280 1684 incursantes
1302 1642 1406 1685 euneos

272 1731 412 1788 neuun
440 1730 494 1787 aut
514 1727 640 1803 superet
669 1727 714 1785 aet
747 1726 876 1786 insidias
903 1743 960 1801 per
984 1727 1129 1786 siluarum
1157 1727 1264 1786 locaret
1286 1729 1405 1798 occulta,

268 1833 338 1905 post
367 1830 473 1890 multos
496 1829 710 1904 perruumendi
739 1833 861 1889 conatus
893 1829 1016 1889 subinde
1050 1830 1204 1902 temptatos
1230 1830 1263 1889 in
1292 1846 1406 1890 cassum

273 1933 385 1992 abiecte
405 1932 566 2009 pupnandi
588 1931 706 2006 fiducia
735 1933 943 1991 concessionem
967 1931 1096 2005 petinere
1120 1932 1350 2006 praeteritorem
1380 1937 1406 1992 et

272 2035 389 2094 ueniam
416 2035 543 2109 uictique
574 2033 614 2094 ad
641 2037 753 2108 tenuius
780 2034 915 2094 indultae
929 2034 1101 2108 foederemus
1119 2036 1206 2109 pacis
1227 2035 1306 2094 nihii
1327 2053 1407 2111 apere

274 2136 456 2196 contrarium
491 2140 540 2196 etc.
590 2131 793 2197 Vocabulum
827 2137 954 2210 uictique
989 2137 1175 2217 corruptum
1212 2155 1280 2198 esse
1315 2137 1405 2217 pute,

274 2255 378 2320 neque
402 2236 486 2300 enim
510 2240 586 2320 apte
609 2257 647 2300 eo
670 2235 742 2300 loco
757 2235 913 2319 reliquam
934 2235 1021 2300 illam
1038 2235 1257 2301 Sarmatarum
1280 2241 1406 2320 partem

273 2339 394 2404 victam
416 2360 484 2404 esse
507 2342 787 2418 commemoratur,
808 2339 997 2422 praesertim
1020 2359 1092 2402 cum
1111 2361 1162 2402 res
1189 2339 1228 2402 ad
1253 2339 1405 2405 ultimum

273 2440 433 2526 quoddam
450 2440 568 2526 proelii
589 2440 759 2506 discrimen
780 2462 845 2504 non
868 2440 976 2504 veniat
999 2441 1053 2504 sed
1070 2440 1252 2505 voluntario
1276 2441 1404 2507 foedere

273 2544 313 2608 ad
334 2541 497 2608 Romanos
520 2565 589 2608 sese
609 2543 782 2628 applicent.
818 2541 970 2627 Suspicor
988 2547 1115 2620 uictique
1133 2544 1317 2609 mutilatum
1337 2566 1405 2609 esse

274 2668 313 2712 ex
336 2651 609 2724 consecuitque
631 2649 686 2732 (en
707 2649 941 2726 nactiquei).

362 2955 369 2984 Ι

363 2954 385 3106 'i
398 2956 458 3095 1Νὲ
468 2953 679 3096 dadilanem
697 3037 812 3106 quidem
831 3037 950 3092 editioni
975 3055 1087 3106 prorsus
1105 3037 1190 3094 fidem
1208 3039 1308 3093 haberi
1326 3056 1405 3108 posse

272 3127 432 3182 luculenter
459 3125 670 3180 demonstratur
695 3123 788 3177 verbis
814 3140 887 3191 qnae
914 3122 1049 3192 leguntur
1067 3122 1158 3177 XXIX
1175 3126 1200 3189 4,
1218 3124 1406 3193 5purumper

273 3215 304 3268 ob
332 3213 457 3267 tenebras
482 3213 585 3265 morati
611 3217 761 3262 nocturnas
784 3211 909 3262 exiliente
931 3212 1078 3278 procinctu
1103 3211 1250 3279 perpetuat
1278 3211 1403 3264 ulterius.

173 3329 174 3332 ¹
272 3297 371 3368 Neque
403 3296 478 3352 enim
507 3295 598 3350 solum
617 3295 652 3350 de
670 3295 704 3348 V¹
725 3294 863 3364 scripturo
881 3294 917 3347 ab
944 3293 1165 3362 Eyssenhardtio
1184 3299 1405 3351 commemorata

269 3385 410 3452 procincti
427 3382 505 3436 tacet
523 3379 572 3436 sed
590 3379 678 3435 etiam
697 3379 818 3434 adnotat
835 3382 961 3433 exiliente
979 3382 1046 3434 iuna
1063 3381 1095 3447 G,
1114 3396 1177 3432 cum
1192 3383 1318 3436 exiliente
1336 3385 1404 3436 luna

271 3471 411 3536 procincti
430 3469 456 3520 G
474 3465 612 3522 adnotare
631 3465 781 3521 debuisset.
809 3463 939 3519 Ceterum
959 3465 1043 3520 lectio
1057 3464 1108 3518 illa
1122 3468 1248 3520 exiliente
1257 3472 1404 3534 procinctu

274 3569 325 3622 per
360 3552 529 3608 recentiores
560 3551 698 3606 editiones
730 3550 767 3604 ad
795 3567 883 3619 nsque
916 3549 1213 3604 Gardthausenianam
1244 3556 1404 3621 propagata

272 3638 390 3693 tandem
414 3638 460 3693 vel
484 3635 569 3690 furcis
595 3635 763 3706 expellenda
785 3637 841 3700 est;
867 3636 915 3691 vix
933 3636 1009 3690 enim
1029 3636 1133 3691 existat
1151 3636 1255 3706 aliquis
1273 3637 1323 3706 qui
1340 3655 1404 3708 pro·

271 3723 396 3777 cinctum
421 3721 520 3776 exilire
550 3738 630 3790 posse
656 3722 708 3774 aut
731 3719 803 3772 mihi
829 3723 879 3774 aut
903 3720 958 3773 sibi
974 3720 1153 3789 persuadeat.
1190 3721 1284 3777 Unum
1302 3741 1400 3779 verum

270 3807 343 3862 illud
368 3806 478 3862 Gelenii
502 3809 557 3871 est;
585 3805 754 3860 vocabulum
780 3806 855 3859 enim
874 3808 942 3858 luna
966 3805 1036 3873 quin
1053 3805 1128 3860 inter
1146 3811 1273 3862 exiliente
1292 3811 1321 3864 et
1333 3827 1402 3878 pro·

270 3897 352 3947 cincti
378 3891 526 3957 exciderit,
558 3893 674 3960 propter
701 3908 735 3945 ea
762 3907 835 3959 quae
863 3889 1035 3946 antecedunt
1053 3909 1210 3960 parumper
1227 3895 1259 3948 ob
1278 3897 1402 3948 tenebras

271 3981 373 4032 morati
389 3984 538 4032 nocturnas
555 3976 655 4046 utique
673 3975 733 4031 fieri
750 3993 808 4031 non
825 3977 926 4043 potest.
962 3973 1003 4028 of.
1022 3975 1087 4030 XIX
1106 3978 1129 4042 7,
1147 3978 1164 4030 2
1187 3981 1313 4034 exiliente
1331 3982 1398 4034 luei-

270 4065 332 4131 sero
351 4064 380 4117 et
398 4061 450 4114 XX
470 4062 509 4128 ll,
530 4062 561 4116 19
581 4065 697 4132 laniones
711 4065 870 4131 procinctae
887 4063 969 4116 aeleri
984 4065 1233 4133 praeinvenerunt.
