3308 4934
676 385 865 447 ..¹9-

207 566 246 631 ad
284 565 459 631 Saracenos
503 587 567 630 non
608 565 781 650 quadrant,
827 587 908 650 quos
948 565 1137 630 Ammianus
1177 566 1332 651 quidquid

209 671 344 737 inveniri
376 669 536 756 potuisset
569 669 749 734 devastasse
781 691 884 754 neque
919 691 995 735 vero
1029 692 1180 754 umquam
1212 669 1332 734 infesta

208 795 241 838 re
263 774 381 839 redisse
403 772 491 838 dicis
535 770 681 836 Tertium
711 773 797 857 quod
827 772 943 838 dieitur
973 773 1222 858 comparationis
1252 772 1332 837 mihi

207 876 335 962 quidem
364 877 397 940 in
428 896 492 940 una
515 896 608 939 aare
640 875 778 958 positum
811 896 880 940 esse
902 875 1042 954 ridetur,
1074 875 1159 960 quod
1182 877 1214 939 et
1236 873 1331 940 Sara-

207 981 278 1045 ceni
325 984 357 1045 et
397 978 489 1044 milvi
531 978 660 1062 rapinas
702 978 819 1064 exiguo
858 979 997 1063 quodam
1035 979 1188 1064 temporis
1227 978 1331 1062 spatio

206 1083 375 1168 perficiunt
405 1103 510 1165 neque
539 1081 661 1146 diutius
691 1103 786 1166 quam
819 1103 899 1167 opus
931 1085 978 1146 est
1009 1082 1043 1145 in
1078 1082 1124 1147 eis
1154 1085 1330 1149 morantur.

208 1185 329 1250 Deinde
350 1181 510 1270 particula
530 1189 588 1258 aut
613 1184 719 1268 posita
740 1184 874 1262 verbum
896 1185 981 1268 quod
1003 1190 1052 1250 est
1074 1186 1106 1249 in
1128 1185 1236 1269 priore
1258 1206 1331 1249 sen-

207 1291 324 1355 tentiae
347 1293 440 1374 parte
463 1287 696 1372 quodammodo
725 1288 909 1372 oppositum
940 1309 1009 1352 esse
1037 1288 1132 1354 debet
1162 1288 1192 1352 ei
1222 1288 1330 1367 verbo,

207 1415 269 1478 quo
292 1392 476 1457 sentinetur
501 1389 719 1475 praedicatum
746 1391 933 1474 posterioris
962 1391 1072 1475 partis.
1118 1391 1209 1468 Quod
1240 1413 1331 1456 secus

197 1499 262 1560 est.
308 1493 426 1560 Verbis
449 1493 533 1558 enim
555 1499 610 1576 que·
631 1495 662 1558 se'
677 1495 834 1578 praedam
857 1495 1053 1578 dispexerint
1084 1493 1197 1562 celsius
1225 1499 1332 1560 vetata

204 1600 338 1682 rapiant
360 1597 453 1662 eetere'
474 1596 555 1662 nihil
576 1597 664 1661 aliud
682 1597 880 1682 significatur
898 1597 959 1662 nisi
982 1619 1056 1662 ares
1078 1597 1151 1663 illas
1168 1598 1330 1683 praedam,

206 1701 234 1766 si
256 1721 296 1764 ex
318 1721 391 1766 aere
414 1700 513 1766 oeulis
534 1701 755 1786 perceperint,
782 1700 982 1768 velocissime
1005 1701 1158 1766 demissas
1179 1701 1330 1785 arripere,
1399 1711 1401 1716 '

206 1825 310 1889 neque
332 1825 407 1869 vero
429 1825 482 1869 eas
504 1826 577 1869 eum
608 1807 737 1888 arrepta
758 1800 877 1888 praeda
907 1803 1005 1870 aeleri
1026 1804 1136 1870 volatu
1168 1804 1266 1869 abire.
1290 1841 1331 1852 -

206 1907 368 1994 Denique,
390 1909 422 1973 id
445 1907 531 1993 quod
553 1929 714 1972 summum
737 1912 802 1986 est,
830 1908 857 1972 si
879 1907 945 1972 tale
968 1908 1044 1992 quid
1065 1907 1160 1993 quale
1183 1906 1331 1973 Valesius

205 2012 383 2096 suspicatus
425 2015 474 2076 ert
510 2011 699 2076 Ammianus
741 2012 845 2077 dicere
881 2012 1049 2091 voluisset,
1089 2015 1223 2097 apparet
1258 2032 1331 2076 eum

207 2115 400 2199 scripturum
424 2115 523 2180 fuisse
552 2117 582 2180 si
602 2135 667 2180 nea
688 2116 927 2198 impetraverint
954 2138 1057 2201 neque
1079 2137 1155 2181 vero
1182 2116 1250 2180 nisi
1271 2116 1331 2180 im-

200 2220 407 2300 petraverint,
430 2239 493 2304 qua
510 2217 647 2284 lectione
668 2222 797 2304 recepte
814 2219 885 2284 fieri
907 2242 972 2284 non
993 2224 1102 2303 potest
1120 2218 1204 2304 quin
1214 2217 1330 2284 milvos

205 2320 233 2384 si
259 2321 409 2404 praedam
439 2321 692 2406 impetraverint·
713 2344 824 2387 revera
854 2323 973 2389 diutius
1004 2323 1169 2388 immorari
1200 2321 1330 2388 conclu-

205 2423 325 2504 damus,
347 2424 380 2489 id
397 2425 481 2511 quod
499 2425 561 2490 hoe
584 2425 713 2510 quidem
730 2425 802 2491 loco
820 2448 951 2511 prorsus
968 2427 1119 2512 ineptum
1133 2431 1190 2491 est.
1208 2501 1212 2513 ¹
1232 2425 1330 2490 Vide-

203 2546 274 2591 mus
295 2527 396 2612 igitur
425 2526 603 2593 etValesii
626 2528 842 2592 coniecturam
872 2526 988 2593 falsam
1019 2550 1087 2594 esse
1119 2531 1151 2593 et
1181 2529 1330 2592 mendum

174 2649 176 2653 ·
203 2651 267 2694 non
289 2630 323 2694 in
343 2630 502 2715 particula
523 2633 554 2696 se'
582 2631 637 2696 sed
665 2631 700 2696 in
730 2631 887 2698 voeabulo
910 2637 967 2698 aut
996 2630 1107 2697 latere.
1151 2629 1331 2715 scripserat

202 2736 309 2797 autem
331 2733 525 2800 Ammianus·
545 2736 601 2818 qai
622 2737 652 2800 se‘
667 2736 826 2818 praedam
855 2737 1053 2820 dispexerint
1081 2735 1196 2801 celsius
1224 2735 1331 2801 vetata

202 2838 339 2920 rapiunt
369 2837 464 2904 celeri
497 2843 623 2922 atque
657 2839 737 2925 (sive
765 2839 807 2924 et)
844 2842 874 2904 si
904 2841 1152 2922 impetraverint⁴
1175 2859 1239 2904 non
1270 2841 1330 2903 im·

204 2944 378 3008 merantur.

284 3146 348 3216 XW
378 3155 407 3225 6,
433 3154 481 3214 11.
527 3146 735 3215 Praedieetur
765 3151 969 3234 antiquorum
1002 3148 1221 3214 Romanorum
1252 3149 1328 3214 sim·

200 3249 329 3334 plicitas
353 3252 449 3334 atque
468 3251 668 3333 abstinentia,
693 3255 748 3338 qui
770 3276 965 3339 quamquam
983 3253 1103 3318 divitiis
1126 3275 1189 3318 non
1208 3252 1329 3317 fuerint
1452 3259 1455 3264 '

199 3352 350 3435 praediti,
380 3353 490 3416 tamen
512 3356 643 3420 summis
672 3356 823 3421 fulserint
850 3356 1032 3421 virtutibus.
1078 3356 1149 3421 Hae
1171 3377 1210 3420 ere
1231 3375 1329 3422 caasa

200 3458 364 3522 eontuttee'u
386 3459 467 3540 stepe
496 3457 643 3525 Valerius
672 3460 823 3525 humatur
850 3459 904 3524 itte
926 3459 1091 3540 Popucoa
1113 3463 1141 3525 et
1171 3459 1327 3525 subsidiis

202 3561 373 3624 amicerum
403 3563 515 3626 mariti
544 3563 637 3645 inops
667 3584 738 3627 eam
768 3561 876 3628 tiberis
910 3583 992 3627 uxor
1020 3563 1120 3627 alitur
1150 3561 1269 3645 Repeti
1299 3568 1328 3627 et

202 3661 382 3726 detestarer
399 3666 525 3729 aerario
537 3663 797 3746 disseparata,
820 3685 890 3728 eam
907 3664 1058 3728 nobilitas
1067 3664 1181 3745 flerem
1199 3664 1327 3729 aduitae

190 3765 351 3846 serpitis,
386 3767 574 3832 diuturnam
605 3766 781 3832 absentiam
805 3769 963 3848 pauperis
997 3767 1186 3832 madesceret
1210 3770 1327 3850 putris.

198 3863 253 3930 Sic
280 3863 377 3950 vulgo
403 3865 572 3952 legebatur
596 3871 670 3932 ante
693 3865 858 3932 Valesium
869 3867 891 3952 ¹)
906 3861 907 3864 '
920 3889 957 3932 ac
979 3891 1020 3934 ne
1041 3868 1170 3934 Valesio
1197 3872 1324 3954 quidem

287 4105 305 4171 ¹)
323 4105 383 4180 nisi
392 4109 466 4176 quod
480 4111 530 4164 hee
548 4128 582 4164 ex
599 4128 682 4164 reesa
700 4127 734 4164 ex
748 4110 781 4164 V1
801 4109 922 4165 lectione
936 4113 980 4164 tie
994 4130 1028 4165 es
1045 4129 1128 4166 rause
1141 4129 1191 4182 pro
1205 4113 1323 4182 vulgato

198 4193 261 4248 tiae
279 4192 433 4249 rectissime
452 4195 687 4268 Eyssenhardtius
705 4195 839 4254 restituit.
885 4269 888 4278 Ι
